-5170
-4988
-6036
-6267
-6009
-6338
-6341
-5666
-5654
-5995
-6006
-6326
-6413
-6439
-6230
-6847
-7142
-7541
-8110
-7489
-7037
-7123
-6992
-6737
-6950
-7089
-6767
-6772
-7236
-7294
-8001
-9097
-9816
-10867
-11851
-11872
-11921
-12519
-13274
-12729
-11961
-11873
-10739
-9924
-9587
-9466
-8574
-8047
-7552
-6422
-5673
-4849
-4050
-3884
-3597
-2900
-2549
-2663
-2435
-2069
-2590
-2323
-1372
-511
-579
-1095
-1460
-1637
-1382
-1627
-2279
-2643
-3508
-4092
-4215
-4997
-5985
-6704
-7616
-8576
-9345
-9968
-11054
-11536
-11629
-12749
-13055
-12766
-13425
-14572
-14982
-14876
-14924
-14045
-13347
-13314
-12986
-12551
-11850
-11439
-11341
-11601
-11711
-11278
-10566
-10036
-9854
-9321
-9529
-10049
-9683
-8910
-8662
-8259
-8053
-9224
-10078
-9848
-10993
-12130
-12606
-13564
-14296
-14858
-14236
-14420
-14944
-15220
-15698
-15659
-14677
-14756
-14608
-14595
-15621
-15980
-15400
-15196
-14985
-15098
-15140
-15448
-15064
-14423
-14502
-14416
-14751
-15304
-14868
-14681
-14773
-14582
-14542
-14684
-15539
-15510
-15082
-15800
-16301
-16410
-16321
-16230
-16129
-16099
-16467
-17461
-17892
-17417
-17239
-17082
-16492
-15869
-15978
-16138
-15433
-15032
-15217
-14566
-13483
-12328
-11572
-10518
-9705
-10104
-10395
-10834
-11392
-11567
-11930
-11959
-12255
-12650
-12910
-12901
-12829
-13037
-13160
-13758
-14642
-15060
-15036
-15590
-16268
-17080
-18615
-19283
-19259
-19206
-19798
-20279
-20293
-19681
-18201
-17861
-17864
-17674
-18105
-19662
-19611
-19119
-19646
-20124
-19556
-19061
-18231
-16746
-15789
-15146
-14780
-14846
-14707
-14259
-14726
-15645
-16325
-18056
-19635
-19949
-20021
-20441
-20586
-20913
-21567
-21297
-20943
-21341
-21914
-21933
-21792
-21639
-21413
-21632
-21959
-21456
-20431
-20537
-19692
-19156
-19729
-20429
-20111
-20349
-20996
-20367
-20877
-20888
-21058
-20819
-20808
-20143
-18964
-18933
-17853
-17182
-16413
-15591
-14812
-14669
-14486
-13808
-14033
-13771
-13263
-12968
-13249
-13123
-12894
-12676
-11872
-11227
-11115
-10518
-9878
-9950
-9710
-8684
-8780
-9573
-10036
-9656
-9729
-9903
-8890
-8689
-9205
-9223
-9192
-9684
-10476
-11751
-12523
-12808
-13359
-13174
-12833
-13203
-13342
-13289
-12750
-12916
-12324
-11593
-12157
-12165
-11556
-11006
-10973
-11092
-11497
-11558
-12218
-12961
-13154
-13200
-13272
-13245
-12510
-12077
-11889
-11833
-11799
-11229
-10548
-9761
-8832
-7945
-7358
-6915
-6957
-6115
-5721
-5705
-4855
-4084
-4157
-3489
-2401
-1921
-531
1078
1292
1483
1698
2066
2171
2453
2714
3289
3644
3836
4155
4184
4019
4027
3358
2529
2978
3573
3469
3210
3405
3270
3123
3445
2878
1385
1031
842
267
702
680
210
351
1405
941
53
-349
-677
-107
125
-255
-708
-309
560
994
1836
2126
2241
3009
2935
2857
2093
1302
968
970
1507
1566
1523
1108
790
586
567
933
1616
2415
2584
2541
2291
1454
1203
432
-64
-200
139
666
1028
1577
2315
2295
2880
3599
3615
3927
4115
4831
5855
5505
5308
4982
3978
3371
3288
2720
1922
1461
758
312
446
1016
515
442
1300
1115
1548
1654
1983
3496
4334
5532
7008
7721
7897
9353
10869
11538
12772
14776
16011
16259
17435
18000
17213
16850
16661
16202
16511
16950
17202
16769
16321
15220
14328
14670
13322
12037
12032
10961
9102
8423
8026
6636
6073
5908
4921
4049
4130
3157
2614
2152
1413
758
884
1106
1083
1885
1882
1229
1821
2424
2349
2914
3453
3625
4358
4454
3944
4205
4949
4473
3926
4552
4777
4453
4994
4749
3332
2635
2238
1845
1987
2072
1012
193
48
-894
-1006
-137
469
127
509
1718
2629
2677
2074
1841
1987
1873
1448
1649
2449
2731
3020
3921
3868
4154
4575
4019
4000
5626
7141
6573
6174
6309
5658
4416
4000
3610
3047
2970
3200
3275
3626
4547
4930
5171
5456
5249
5231
5168
5616
6380
6808
6334
6576
7000
6949
6531
7491
8524
8182
9654
10532
10097
9507
10364
10803
9870
9785
9160
7910
6791
6279
5706
4396
3435
1974
800
-1058
-2488
-3209
-4176
-4793
-5419
-6099
-6965
-6882
-6664
-6845
-7532
-7698
-6764
-6515
-5642
-3720
-3356
-2989
-2102
-1412
-899
-466
-741
-1061
-396
594
1540
2392
2619
2042
1230
997
1889
1826
1957
2343
2637
2657
2795
3381
3610
4169
4720
5212
4896
4223
4224
4933
5499
5155
6043
7184
7711
9051
10429
10676
10848
11872
11460
10641
10980
11728
12377
13355
14370
15133
15896
16095
16455
16093
15524
14597
12942
11939
11014
10599
11128
10615
9282
8517
8033
7877
8020
7895
7678
7988
7910
7504
7619
7101
6062
5753
6011
5480
5152
5046
4335
3853
4704
6396
6857
6720
7914
8299
8173
8363
9212
10220
10687
10842
9686
8388
8687
9700
10000
9282
9083
8956
8701
8872
8970
9171
9169
9037
9190
9812
9517
9670
9673
9484
9137
8341
8185
8164
8573
8588
8043
7650
8080
8913
9003
9230
10291
11552
12050
12565
13536
14409
14790
15014
14976
14808
14602
14382
15220
16118
16522
16054
15961
16263
16656
17435
17409
17078
16865
16191
15103
14576
14732
14668
14204
13516
13673
13599
13531
13702
13707
13775
13540
13518
14086
14847
15338
15728
16323
17204
18048
18004
18011
18296
17878
17165
16893
16685
16253
15883
15721
16255
15729
15600
15745
15328
14797
14312
13874
13745
13244
12808
13420
13573
13417
13831
14399
14345
13777
14447
15141
15255
16162
17008
17506
17700
18077
17480
16687
15810
15768
15864
16108
17259
17378
16883
16098
16931
18301
18108
18306
18700
18990
18678
18270
17732
16805
16371
15651
15030
14399
13986
14038
14253
14713
15523
16395
16851
18014
19447
19874
20434
21211
21481
22090
23454
23948
23603
23944
23838
24204
25210
25001
23935
23973
24216
24469
25085
25802
25389
24714
24382
24368
23751
23695
23789
23474
22438
22626
23098
23289
23423
22666
22177
22345
23184
24153
25834
26651
26345
26115
26204
26647
27033
27345
27635
26900
27439
28506
29283
29626
29351
28439
27721
27797
28343
28364
28009
27809
27811
28333
28056
27639
27216
27068
27642
27953
28469
28597
28234
27791
27648
27442
27435
27958
27086
27381
27577
27250
27551
27582
27658
27187
26947
26066
25935
27059
27882
26982
26787
27187
26878
26990
28031
27809
26887
26029
24651
23474
22591
21615
20975
21221
21395
21175
21451
22341
22170
22130
22684
23334
23214
23943
24045
23091
23070
23930
24075
24216
24391
23616
23710
24257
23911
24139
25182
24546
23742
23708
23298
22929
22711
23205
22500
21896
22098
21619
21559
22298
21885
20596
20928
21177
21267
21445
21384
21341
20985
21163
21394
21660
21316
21434
21494
22712
23989
23565
24436
24704
24311
24334
24531
24109
23289
22287
20865
20427
20181
18626
17443
16733
15666
15128
14800
14286
13555
12692
12050
11830
12621
14095
15177
15919
16340
15939
16159
17281
16813
17649
19105
18363
18335
18942
18307
18965
18999
17945
19130
18610
17796
19563
18356
16486
16182
14138
14105
14354
12209
11792
12050
10620
10198
8870
8215
8255
7421
7396
6346
6133
6408
6067
6220
7254
6296
5568
6811
6715
5512
4889
3759
2506
2841
2460
1447
2406
1796
1203
3026
3345
3030
3568
4284
4708
5098
6340
6997
6585
7213
6776
6513
7551
7788
7380
8107
7745
6720
7688
7603
7282
7741
6626
6040
7616
7129
7227
8858
8737
7502
7334
7019
4976
4290
2900
2065
2817
3247
3170
2494
1459
1380
1036
1201
1147
247
940
973
-366
-210
-1346
-3963
-2938
-4315
-6670
-4742
-5823
-7621
-6684
-8718
-8386
-6055
-7678
-6893
-6302
-9099
-9014
-10109
-11265
-10501
-12457
-13449
-13242
-14187
-14073
-14279
-17193
-17420
-17208
-18619
-17927
-18655
-19999
-18711
-18116
-18806
-18078
-18139
-18377
-17438
-17744
-17091
-15653
-15713
-14089
-12688
-13061
-11932
-11821
-11909
-9970
-9977
-10795
-10407
-11790
-11191
-9873
-10666
-8586
-8763
-11225
-10609
-11846
-13312
-12529
-13704
-14402
-13680
-15116
-14718
-13769
-15676
-16088
-17503
-17948
-16845
-19046
-19592
-19810
-20850
-20285
-21243
-23065
-22218
-23103
-24520
-22634
-23205
-23167
-22936
-23599
-22288
-22162
-23193
-22776
-22988
-23819
-24479
-24538
-23977
-23843
-23634
-24183
-23921
-24063
-25125
-25984
-26229
-26209
-28162
-28390
-28174
-29152
-28934
-29288
-29648
-29363
-29737
-30591
-31027
-31370
-32038
-32373
-32698
-32768
-32758
-32768
-32762
-32768
-32762
-32768
-32766
-32767
-32763
-32766
-32767
-32768
-32768
-32768
-32768
-32763
-32765
-32768
-32767
-32767
-32767
-32768
-32766
-32765
-32766
-32768
-32767
-32768
-32768
-32768
-32768
-32766
-32768
-32763
-32766
-32651
-32768
-32603
-31917
-32003
-31021
-31204
-32206
-32642
-32768
-32742
-32768
-32756
-32768
-32763
-32768
-32763
-32766
-32762
-32766
-32761
-32765
-32768
-32768
-32766
-32763
-32768
-32768
-32768
-32768
-32765
-32767
-32768
-32768
-32766
-32768
-32766
-32768
-32768
-32768
-32766
-32768
-32766
-32768
-32768
-32767
-32765
-32768
-32768
-32768
-32768
-32763
-32766
-32768
-32768
-32765
-32761
-32766
-32763
-32765
-32765
-32768
-32768
-32768
-32768
-32767
-32768
-32768
-32768
-32768
-32768
-32761
-32765
-32766
-32768
-32764
-32768
-32765
-32768
-32765
-32767
-32768
-32762
-32768
-32752
-32768
-32736
-32768
-32698
-32768
-32086
-31539
-32768
-31441
-31915
-32768
-32651
-32768
-32716
-32768
-32743
-32768
-32755
-32768
-32762
-32768
-32768
-32765
-32768
-32768
-32768
-32768
-32764
-32765
-32765
-32767
-32764
-32768
-32763
-32768
-32759
-32768
-32749
-32768
-32727
-32768
-32109
-32076
-31340
-30418
-30607
-29697
-29095
-27161
-26277
-25610
-24112
-24174
-22986
-22647
-22556
-21402
-22403
-22037
-20547
-21322
-20824
-20674
-21867
-20858
-21328
-21649
-19127
-19133
-19145
-17265
-17458
-16997
-17520
-18391
-17599
-17478
-17043
-17116
-15607
-15193
-17521
-16363
-15781
-17787
-18479
-19076
-18815
-18401
-18622
-18460
-18338
-18905
-19495
-18232
-17239
-18076
-18363
-18822
-18723
-19855
-21317
-21813
-23069
-24740
-26407
-26776
-26587
-27511
-26971
-25732
-27019
-28056
-27832
-27449
-27798
-28472
-28611
-28438
-28610
-29218
-28011
-26733
-26168
-26510
-25068
-23221
-23515
-21430
-20322
-20432
-19172
-18811
-16741
-15216
-15841
-14931
-14549
-13941
-12396
-13418
-12398
-12290
-13440
-10815
-10719
-10423
-9996
-11617
-11036
-12001
-13767
-13720
-14529
-14337
-14177
-14880
-12847
-12499
-12998
-11934
-12204
-12243
-13313
-14438
-13520
-13385
-13816
-13777
-12589
-11289
-12796
-12332
-10511
-10555
-10425
-10998
-10564
-10210
-11464
-10654
-9273
-9567
-9988
-11190
-10334
-9082
-9272
-8517
-8045
-8672
-10292
-11606
-11149
-11901
-13202
-13762
-13586
-13317
-15127
-14879
-13437
-14841
-17029
-18906
-19864
-20044
-21989
-21213
-19606
-20151
-19779
-19953
-19176
-17871
-19066
-17910
-17230
-17075
-14757
-15016
-13524
-12182
-13284
-12033
-11647
-10668
-9043
-10099
-7686
-7811
-9841
-8354
-8882
-8110
-7134
-7537
-4722
-5586
-6896
-5552
-5028
-4626
-5348
-6239
-5455
-7299
-8030
-5983
-6125
-6171
-6767
-6123
-3994
-4860
-3630
-2122
-1652
14
-167
1852
2739
866
2139
2249
2687
3023
1004
2103
1551
672
1555
587
322
-1190
-3008
-2801
-5227
-7220
-7918
-9325
-10215
-11982
-13038
-12730
-12917
-13007
-12924
-13719
-12783
-13494
-12922
-12446
-13027
-11332
-12414
-13061
-13192
-15057
-14521
-15145
-15659
-13229
-13533
-12974
-11734
-11570
-9895
-10879
-9068
-7536
-8908
-8501
-8578
-8699
-8298
-8661
-7751
-7321
-8604
-8004
-7848
-7586
-8164
-9151
-8473
-8860
-8738
-8642
-8924
-7861
-7545
-7673
-6707
-6466
-7565
-7531
-6435
-4976
-4870
-5350
-3711
-2924
-2358
-1711
-1335
-307
-1872
-2067
-527
592
2254
1420
667
1851
897
507
1510
1923
2070
123
528
1576
785
1018
238
822
1402
298
1463
2596
2558
1119
-423
121
499
-739
-1571
-1927
-2120
-2626
-3633
-2422
-1634
-2749
-3664
-2551
-786
-2247
-4730
-3762
-2199
-3575
-5179
-4151
-2199
-2863
-5003
-3585
-1354
-2439
-3915
-2466
-437
-1706
-4845
-3136
-1335
-3897
-5409
-5156
-3122
-3258
-3768
-1075
1201
956
-401
1257
4903
4813
4068
6675
8833
9651
8595
11553
14295
13455
13368
15427
18225
16886
15539
17310
18158
16899
15310
15610
16930
16473
15074
16135
17285
16533
15336
15783
16027
14855
12536
13864
14818
13387
14388
14844
15475
15236
14929
16434
15513
15055
16621
17077
17465
15538
14784
15369
13264
13255
13548
14770
15763
15345
17021
17991
17764
17242
16593
16776
15841
14775
14908
14721
14240
13321
13282
14186
13776
12876
13255
13604
12740
13425
13538
13947
14651
14403
15405
15134
15539
16819
16654
17938
16587
15856
16935
16021
17362
17182
18289
21227
21328
23494
24001
24800
26287
25176
26086
27227
28257
29370
28882
29989
30321
29854
30031
30051
29747
28935
27648
27521
27622
26842
25969
26488
26434
25942
24155
22933
22528
21009
20646
19634
18878
18189
17340
18227
18916
19327
19616
19626
20685
20892
20691
21392
21488
21782
21736
21988
21947
21480
22861
23942
25315
26660
25034
25247
26242
26652
27803
27769
29825
30609
30875
32039
32383
32275
31331
31776
32197
32594
31427
31759
32175
31509
32358
31147
30057
28733
26985
27405
26972
26480
27008
25765
25682
25731
25711
26839
25601
26877
27018
25996
26619
25579
25462
25819
25944
26282
27308
27782
27384
27338
29137
29605
29667
30506
31651
31304
31832
32767
32686
32767
32732
32767
32756
32767
32758
32767
32752
32732
32733
32759
32761
32750
32767
32766
32767
32767
32760
32767
32751
32767
32735
32767
32714
32767
32422
31448
31986
30045
28916
28749
29116
28977
26805
27795
29072
28274
26786
26175
27568
26187
24164
24576
23954
23378
21870
23077
24993
23973
22178
21475
22666
21274
19556
19801
19378
19519
18355
19393
20887
19864
19451
19440
19865
18398
16328
17867
18322
18470
18030
18527
20007
18333
18776
20335
20880
21977
22246
25740
27455
27445
29559
30189
31661
31738
31980
32767
32720
32767
31841
31858
31627
31423
32306
32128
31753
29356
29268
31017
29924
29176
28761
28882
27392
24603
25494
26405
25125
22571
22151
23463
21837
19847
19666
20539
19972
18490
19731
20899
20689
20704
21433
24229
24392
23896
25779
27613
28431
27435
28268
30285
29165
29225
30128
31139
30251
29508
30414
29290
27806
27444
27744
27739
26006
24346
25730
26829
25431
24332
25670
27255
26498
26131
26557
25780
22947
21619
21876
21508
19673
17759
19220
19752
18875
19180
19302
18790
17944
18022
19332
20084
20005
20721
21240
20772
18671
19021
20546
20334
20313
20013
20864
20544
19310
19930
19406
17628
15495
15494
16338
15361
14375
14347
14336
12660
11728
11290
10589
9709
8708
9882
10301
8952
8707
8505
8654
8903
9042
10337
11581
10403
10111
10384
10817
11578
10916
11891
11776
10606
11947
13732
14386
14083
13833
13854
14332
13510
13944
14464
14434
14510
13752
14011
13822
12580
12555
12404
12485
11927
11165
11930
11827
10948
10728
10820
10327
10270
10698
11100
10670
9349
8691
7158
5217
5373
4165
4934
5179
3649
4149
3563
2782
1997
463
14
-824
-850
-948
-1217
-894
-2060
-3220
-3175
-3371
-3445
-3789
-3401
-2821
-3106
-3767
-3092
-2568
-3699
-2011
-446
-1653
-1375
-1304
410
478
675
2410
1941
2264
2979
3095
3320
1747
666
1274
1824
2422
1502
1614
1193
-471
-746
-719
149
-361
-1120
-108
-54
-298
-960
-1012
-995
-1338
-2098
-1875
-1257
-908
-1492
-1510
-371
-819
-1651
-2213
-1983
-762
-291
-1271
-1775
-3108
-3142
-3475
-5243
-5558
-6180
-7416
-6859
-6545
-6740
-5932
-6276
-5492
-6584
-6494
-5597
-7292
-7696
-8798
-9916
-10920
-12147
-12636
-13336
-13945
-14118
-13830
-13520
-13122
-12183
-11523
-9842
-9875
-9826
-7527
-6628
-6232
-5814
-3762
-2359
-2187
-792
657
2240
2600
2058
2524
3382
3515
3959
5714
7647
7062
7087
8525
8019
7114
6413
6623
7198
5538
5283
5290
5217
3738
2145
2331
1656
510
228
-349
-1165
-1957
-2305
-1826
-2836
-4812
-4798
-4789
-5861
-7620
-8671
-8318
-9476
-9943
-9612
-9286
-10066
-11706
-12562
-12213
-13175
-14945
-15182
-15943
-17256
-18772
-19464
-18576
-18524
-18323
-16685
-16515
-14690
-14219
-14349
-13368
-15160
-15076
-14842
-15094
-13724
-14174
-14556
-15396
-17142
-16714
-15963
-16205
-15623
-15292
-14714
-13903
-15051
-15269
-14210
-13868
-14203
-14004
-13757
-14112
-14850
-13664
-13690
-15691
-16378
-16952
-16379
-14929
-14333
-13704
-13120
-12407
-11106
-10050
-9672
-9581
-9016
-9050
-7032
-6240
-6450
-5480
-5042
-4510
-5067
-6297
-6901
-8069
-8798
-8691
-8771
-9785
-11915
-13882
-15097
-16537
-17517
-17035
-17422
-17920
-17561
-19401
-19533
-20072
-21580
-21962
-21547
-21472
-21747
-21944
-21954
-21034
-20927
-20107
-19239
-19423
-18896
-17762
-17571
-17755
-17772
-18420
-18612
-17396
-18477
-18864
-19140
-20271
-19537
-19201
-18750
-17096
-17774
-17994
-16855
-17420
-16432
-13968
-12700
-11600
-10430
-9612
-7783
-6115
-6457
-4739
-4346
-5003
-4227
-4943
-4641
-3591
-4865
-4905
-3801
-5547
-6022
-6260
-7699
-8000
-7928
-8176
-7469
-7910
-8385
-7270
-8210
-9335
-8780
-8876
-9207
-10534
-11509
-11054
-10951
-10866
-9988
-9967
-10230
-9181
-8630
-7433
-5191
-5470
-6056
-5975
-6114
-6979
-8486
-9010
-8324
-8540
-8639
-7292
-7278
-8134
-7608
-6777
-6869
-7064
-6768
-6751
-6390
-6709
-6479
-5836
-5831
-5828
-5828
-5534
-4978
-4149
-4922
-4073
-3002
-3452
-2661
-2415
-2417
-1048
-241
1383
2784
2121
2628
3891
3768
3051
2713
2545
2370
2315
2891
3329
2060
1554
2742
3265
3421
3981
3837
3384
2715
1709
1715
1983
2299
2337
1707
1447
1336
460
-511
-172
-353
-550
-624
-263
-180
-843
-1154
-726
42
-466
-196
-162
-1054
-971
-861
-891
-1843
-2907
-2972
-3488
-5384
-6876
-8316
-8424
-8271
-9226
-8038
-7560
-8769
-9145
-9028
-8671
-8130
-8349
-8502
-7200
-7493
-6448
-5024
-4779
-4648
-4806
-4016
-3151
-3599
-3114
-2702
-2008
-653
-270
577
208
-857
260
1212
2195
3136
3918
4135
3455
2662
2648
2716
2074
1157
-304
-853
-914
-1307
-928
330
1113
1449
2093
3865
4144
3431
3716
3756
3803
3872
3572
3469
3011
1854
586
-473
-227
122
332
-410
-1915
-2130
-1629
-1856
-1905
-2002
-2808
-2649
-1637
-1680
-997
-563
-664
-119
816
1475
2098
2706
2670
2706
3570
3584
3840
3866
3365
4865
6028
6086
6817
6374
5644
5903
5744
5910
6717
6288
6509
7456
8199
8766
9057
8963
9482
10314
10816
11761
11670
12838
12045
11697
12596
11692
11028
10716
10229
9209
8515
7924
8307
9059
9509
11113
12633
13690
13729
13862
14305
14157
14270
13894
12798
12153
11555
11353
11325
10668
9800
9766
8710
7653
7523
6801
6090
6489
7767
7761
8567
9481
9232
10666
11980
12408
13781
13955
13652
14446
15304
15349
15723
16272
16301
16478
15819
15454
15974
16451
15833
14933
14149
13151
12058
11457
10463
10884
11292
10271
9925
9483
9088
8420
6710
5808
6198
5944
5853
5917
5516
6537
7244
8027
8968
9437
10840
11598
10771
10685
11417
10861
11337
11723
11541
12836
13138
13118
13375
13529
14115
14499
14261
14658
15373
15274
14331
13729
13941
13603
13341
13159
13495
14118
13624
12592
11754
11183
10750
10826
10608
10074
9822
9648
9776
9634
8881
8034
7460
6496
5797
5415
4540
4773
4456
4397
4543
4108
4908
5750
4743
4310
4463
3309
2881
2675
1859
1968
1555
1326
2223
1998
2127
2226
1015
827
1640
1378
1386
1009
644
814
1167
997
733
1430
1674
1258
84
-519
-1148
-1652
-2323
-3126
-3380
-3008
-3634
-3845
-4077
-5282
-5648
-6046
-6520
-7232
-7512
-8099
-8646
-8760
-8723
-8682
-8137
-7965
-8760
-8444
-7341
-6864
-6772
-7027
-7117
-6887
-6030
-6294
-6061
-4970
-4804
-4891
-4044
-2754
-2240
-1494
-611
-1049
-1796
-1454
-2483
-3539
-3425
-3634
-3715
-3548
-3739
-3528
-3735
-4218
-4247
-4089
-4203
-3835
-3804
-4227
-3614
-3945
-4229
-4736
-6024
-6818
-6350
-6850
-6830
-5588
-5764
-6257
-5659
-5239
-5342
-4785
-4874
-4046
-3092
-2724
-1908
-2209
-1617
-308
-746
-703
136
228
543
1348
1672
671
-632
-905
-1619
-2215
-1707
-1251
-2153
-1983
-1927
-2342
-2575
-2243
-816
-203
424
714
356
-139
564
1365
1632
2035
2576
1735
1294
1813
892
-495
-349
-711
-1519
-1831
-2859
-4067
-4120
-4820
-5659
-6161
-6750
-7884
-8756
-8684
-9480
-10502
-11154
-12821
-13775
-14130
-14367
-14961
-13905
-13174
-13682
-13734
-14061
-14048
-14894
-15403
-15661
-15699
-15612
-15916
-15821
-15173
-13716
-12851
-11852
-10526
-9548
-9205
-8518
-7169
-7111
-6870
-6105
-5420
-5416
-4578
-4000
-3901
-3537
-3383
-3128
-3065
-2949
-3320
-3855
-3834
-3989
-4684
-5161
-5723
-6554
-6850
-7307
-7646
-8176
-10004
-10214
-10584
-10490
-9823
-9311
-9594
-10449
-10112
-10852
-10927
-10745
-10646
-10824
-11045
-11210
-11856
-11727
-11721
-12351
-11891
-10929
-10549
-10669
-10715
-10809
-11035
-10625
-10637
-11567
-12460
-13245
-13247
-13250
-12909
-12136
-11951
-11658
-11950
-12002
-11841
-11839
-11995
-11655
-11325
-11864
-11658
-12308
-12546
-12713
-12470
-12191
-12847
-13004
-13425
-14386
-15536
-16222
-16964
-17901
-19457
-20534
-20791
-21036
-20991
-20682
-20955
-21593
-21202
-21328
-21498
-20567
-19924
-19107
-19006
-19053
-18529
-18389
-18193
-17154
-16076
-15967
-15761
-16317
-16554
-15954
-16099
-16304
-16639
-15634
-15122
-15235
-13866
-12317
-12090
-11922
-11060
-10900
-11002
-10060
-9414
-9063
-8416
-7331
-7156
-6800
-6242
-5966
-5963
-5649
-5407
-6670
-7235
-7029
-7130
-7152
-6702
-7547
-8533
-8349
-8465
-9615
-9637
-10232
-11293
-11882
-12564
-12999
-12526
-12660
-13200
-13391
-14044
-14710
-16177
-16806
-17274
-18219
-18348
-18260
-17970
-17625
-17531
-18558
-17953
-17305
-17685
-18107
-17643
-17585
-17206
-17045
-17191
-17181
-17276
-17163
-16627
-15607
-15114
-14769
-14136
-13886
-14102
-13981
-12887
-12336
-12263
-11235
-11917
-13111
-12460
-11655
-11202
-9197
-7791
-7350
-6251
-5647
-5374
-4834
-4395
-4884
-5114
-4485
-5093
-6304
-6535
-6406
-6872
-7256
-7187
-8643
-9189
-9409
-11144
-12782
-13115
-13095
-14153
-14666
-14104
-14332
-15305
-15076
-15672
-17090
-17192
-16262
-16507
-16285
-15179
-15494
-15684
-15579
-15266
-15508
-14682
-13360
-13130
-13768
-13262
-13193
-13595
-13049
-12901
-13359
-13584
-13038
-13308
-14224
-14789
-14112
-14444
-14352
-13705
-13201
-13025
-12353
-12395
-12168
-11575
-10742
-10811
-10603
-9786
-9533
-8750
-7845
-7439
-6896
-6179
-6146
-6274
-6111
-6112
-5862
-5418
-4349
-4376
-4479
-3525
-3497
-3692
-2911
-3278
-5324
-6036
-6785
-8192
-8719
-8458
-9420
-10480
-9789
-8887
-8528
-7798
-6430
-6493
-6932
-5763
-5268
-5989
-5329
-3910
-3104
-1860
-716
-146
-577
-482
880
1198
1201
1063
1014
783
400
571
974
538
787
1693
2013
1323
791
854
104
-913
-273
1175
742
666
1899
1808
569
877
1555
559
267
1920
2807
2186
1955
3235
3262
1466
1378
948
-1055
-2600
-2391
-1841
-2695
-3019
-2793
-3679
-5436
-5990
-4910
-5215
-6483
-6235
-4983
-3890
-3653
-3118
-2732
-3235
-3253
-2565
-1880
-2146
-1867
-465
-98
-109
530
1768
2355
2546
3650
4938
5689
5977
6772
6447
6090
6031
6012
5699
4954
4717
5341
5720
5830
6081
5364
4788
3901
3138
2786
2110
2383
3261
3430
2681
3008
3494
3305
3190
3188
3237
3559
3740
4423
4974
5560
5997
6817
7520
6869
6699
6865
6474
6217
7377
8067
7589
7419
7973
7972
7809
7768
7280
6339
6428
6998
7495
7821
7187
6803
6121
6267
6468
6298
6746
5863
4930
5008
4537
4641
4982
5960
6240
5467
4569
3951
3370
2865
3210
3675
3717
3882
3146
2213
1917
1695
592
-456
-1485
-3506
-4394
-5118
-6203
-6321
-5719
-4889
-4544
-4586
-4010
-3351
-2835
-1659
-1273
-1766
-1177
-702
-417
488
1067
1151
1011
959
1250
1807
2541
3005
3425
3865
3967
3764
4076
4126
4172
3517
3466
2972
1559
504
-1122
-2959
-3854
-4721
-5505
-6164
-6257
-6653
-7174
-7446
-8402
-9783
-10436
-10896
-10937
-10107
-9392
-9057
-8927
-8910
-9165
-9521
-9513
-9459
-9809
-9753
-8341
-8124
-7621
-6815
-6230
-5354
-5100
-4655
-4246
-3238
-2852
-3308
-2960
-2458
-3301
-4040
-3258
-3848
-4559
-3882
-3098
-4532
-4543
-3407
-3255
-4116
-3941
-2982
-3268
-3841
-3926
-4725
-5652
-6106
-5975
-5918
-7013
-8094
-8962
-10660
-12235
-12586
-12554
-13153
-14631
-15223
-14735
-14943
-15891
-15735
-15546
-16363
-15938
-14761
-15065
-14974
-13606
-12812
-14078
-13789
-12024
-11958
-12264
-10485
-9717
-10860
-10268
-9336
-9767
-9988
-9238
-8282
-8178
-7495
-6402
-6415
-6468
-5742
-5206
-5296
-5153
-4826
-4801
-4696
-4291
-3691
-2745
-1986
-1975
-1353
-666
-1526
-2142
-1983
-2550
-2862
-2895
-2899
-3589
-3747
-3861
-4746
-5552
-5850
-5928
-6717
-7445
-7872
-8050
-7897
-8491
-9218
-9141
-9238
-9326
-8416
-7582
-7522
-7769
-6732
-5050
-4806
-4637
-3312
-2512
-2561
-1693
87
497
1171
2859
3560
3416
3934
4513
4321
4569
5439
5385
4171
4059
3799
2861
1378
1294
666
-223
-1209
-1951
-2712
-3942
-4332
-4350
-4365
-5082
-5293
-5374
-6483
-6931
-7025
-7386
-8549
-8492
-7500
-7176
-7031
-6466
-5835
-6298
-6921
-6228
-5840
-6562
-7243
-7216
-7364
-7679
-7002
-6656
-7431
-7426
-7406
-7708
-8325
-8356
-8126
-8503
-9211
-8692
-9260
-10194
-10009
-9794
-10152
-10729
-9825
-10209
-10494
-9906
-8516
-8202
-8229
-6688
-5853
-5575
-4856
-3805
-3292
-4112
-4185
-3741
-3922
-3790
-2947
-2913
-3867
-4183
-4387
-4374
-4155
-4259
-4825
-4904
-4592
-4002
-3640
-3152
-2337
-1625
-1226
-892
-171
-175
-231
-326
-190
-742
-767
-237
165
1271
1955
2202
2675
2956
2720
2783
2276
1002
240
-130
-501
-548
-600
-1473
-2308
-3534
-5270
-6383
-7015
-8018
-8024
-7960
-8232
-8590
-8343
-8298
-9332
-9184
-9265
-9709
-10653
-11814
-12281
-12529
-12390
-12157
-12081
-12054
-11841
-11496
-11739
-11496
-11525
-10882
-10169
-9510
-9083
-9054
-8009
-7593
-7478
-7010
-5896
-5107
-5024
-4643
-4174
-4243
-4458
-4376
-3750
-3247
-3289
-2954
-2817
-3251
-3702
-4162
-4677
-4715
-4688
-4580
-4398
-4868
-4821
-4182
-4121
-3962
-3301
-3496
-3380
-2977
-2479
-3033
-3404
-2665
-2797
-3303
-2838
-2343
-2750
-2951
-2083
-1429
-2941
-3304
-2215
-1416
-1393
-576
-408
-950
-920
-702
-107
502
1770
2446
3380
5559
6601
7011
8704
9797
9853
10924
12034
11998
12128
13197
14007
13454
13612
13872
13585
13601
14042
14021
13637
14634
15804
15378
15743
16228
15632
15190
16479
16389
14905
15456
16419
15743
15842
17418
17383
16582
16806
16617
15332
14435
14527
12942
11251
11805
12202
11487
12087
12311
11352
10609
10911
10864
10366
10978
11361
10798
10967
11729
10141
8792
9730
9724
9586
10219
11155
10703
10812
11632
12035
11859
12949
14231
14151
14482
15803
17328
17410
18110
19338
19664
19747
20851
21442
20968
20714
21703
22235
21272
20858
21028
20186
19382
19977
19552
18055
18027
17793
16467
15785
16398
16352
14166
13098
13641
12454
10394
9564
9115
7237
6883
7671
6763
5730
5715
5883
4426
4373
5563
6366
6718
8421
9682
8914
9313
10074
10486
11051
12340
12698
13017
13968
15281
16424
17743
19226
19330
19400
20018
20154
20076
20218
20846
20687
20387
19947
19575
19685
19557
19383
19064
18390
18229
18034
17037
15930
15742
14946
14037
12929
12323
11740
11053
11098
11325
12138
12539
12893
13394
13412
12945
13011
13036
12971
12640
12874
12784
11885
12280
13065
12994
12609
13038
13474
13901
14078
14591
14430
14323
15237
15336
15526
16214
16179
15732
15412
14919
14944
14776
15100
15928
16027
15093
15001
14878
14134
13833
14495
14728
13579
13280
14092
13970
13361
13987
14005
13114
12223
12298
11985
10899
10471
11221
10909
10707
11330
11727
10597
9551
10248
9863
8755
9114
9926
9769
9858
10551
10614
10288
9965
10487
10083
9411
10090
10550
9907
9347
10355
11077
10292
10042
11333
11132
10219
11131
11027
9761
8656
9825
10305
8693
8931
10091
9524
8446
9110
10064
8995
8290
9384
9128
8689
9672
11520
12049
11866
11845
11930
10949
10149
10795
10671
9641
9172
9798
10108
9714
10578
12058
12646
12919
13800
14632
14779
14164
13157
13407
13141
12480
12297
12436
11633
10773
11578
12256
11393
11503
11418
10322
10081
9654
9191
8356
8399
9109
9195
9573
10121
10603
10871
11153
11495
11850
12377
12711
12979
13129
14012
14753
14657
15446
16011
16160
15752
15875
15615
15953
16288
16126
16491
16733
16764
16402
16366
16448
16467
16605
16372
16642
16349
15750
15197
15459
14785
13442
13500
13434
13234
13473
13329
12856
12711
12912
11940
11009
10104
9228
8013
7271
7087
6922
6925
6241
5638
4652
4603
5448
5859
5450
5271
5893
6373
6769
7036
7969
8310
8655
9148
9735
10470
11557
11845
11688
12492
13456
14543
15462
15887
16852
17208
16979
17237
18132
18419
19083
20366
20469
20202
20498
20049
18719
18284
18586
17875
16107
14959
14464
13802
13356
13173
12531
11682
10570
9657
8914
7895
8443
8183
7684
7618
7947
7392
6846
7663
7528
7519
7497
7669
7524
7380
7877
8278
7722
7942
9268
9496
9507
10036
10654
11003
10859
12017
12141
11201
11061
11089
10148
9560
10232
10669
9911
9244
9874
9785
8648
8957
9729
9280
8126
8749
9307
8333
7815
7020
5003
3509
3636
4133
3289
3370
4368
3912
3084
4248
5697
5275
5249
5600
5488
4480
4877
6650
6621
6990
8005
8727
8804
9096
10161
9888
9326
9273
8993
7760
7132
7032
6226
5916
5409
5009
4680
5135
5427
5187
4153
2291
1979
2169
1594
2162
2795
2467
1944
1912
2438
1843
1220
367
113
-69
-228
-4
-524
-1760
-2476
-2543
-2706
-3118
-3061
-3016
-3419
-3253
-2037
-2151
-2611
-2402
-2357
-1788
-1327
-116
659
1507
2009
2760
3339
3991
4622
4667
5096
5481
5955
6203
6389
6593
6401
6544
6790
6868
6912
6512
6774
7479
7788
7157
6737
5951
5872
5811
5215
4705
4217
3435
2437
2207
2048
1573
1055
742
447
-804
-1676
-824
-256
-477
-379
-275
-1050
-1652
-1343
-905
-1007
-833
109
-515
-1412
-954
-50
27
85
1311
2139
2141
2096
2749
3050
2615
3137
3618
3181
3095
4361
5033
4268
3605
4306
4775
3586
3613
3990
3967
3700
3903
4477
4178
3858
4118
3333
2519
2637
2567
2266
2180
2451
2700
2330
1606
987
633
95
-242
-146
-501
-977
-1726
-2108
-2465
-2631
-2967
-2429
-1787
-1717
-1486
-2177
-2234
-1796
-1649
-1580
-1282
-920
-1293
-799
-255
-118
-269
499
1782
2176
1966
2267
2466
1021
-60
-520
-1172
-2158
-2206
-1476
-1456
-2275
-2165
-1996
-2682
-2717
-2722
-2846
-2787
-1783
-602
413
910
2138
3013
2533
2576
2839
2670
2841
3138
2435
1628
1300
1328
1779
1291
1318
1691
1345
1921
3067
3806
3611
3953
4677
4692
4945
4811
3807
2802
2735
3109
2610
2711
3447
3568
3093
3002
2472
2929
3411
3422
3592
3403
2676
2230
1609
851
483
316
833
374
-427
-1644
-2781
-4270
-6197
-6735
-7422
-7814
-9008
-9251
-9478
-9806
-10145
-10480
-10900
-11004
-11280
-12086
-12752
-13082
-13245
-13008
-12805
-13301
-13398
-12394
-11152
-10190
-8526
-6780
-5576
-5279
-4495
-3868
-3162
-2884
-3066
-3025
-2496
-1646
-891
93
878
1418
1099
878
1497
1726
1534
1621
1216
848
447
544
523
33
-518
-1140
-1585
-2615
-2751
-2982
-3146
-3869
-4199
-3964
-4373
-4345
-4868
-5143
-5366
-5377
-4826
-4682
-4946
-5456
-5981
-5779
-5392
-4931
-4735
-4606
-4240
-4742
-6191
-6610
-7101
-7805
-8681
-9413
-10556
-11379
-11437
-11271
-11352
-11136
-10972
-10921
-11330
-11411
-11445
-11247
-11401
-11579
-11825
-12481
-13357
-13911
-14225
-13880
-13789
-13693
-13594
-14182
-14650
-13845
-13189
-13047
-12739
-12453
-12618
-12675
-12435
-12156
-11900
-11441
-10560
-10072
-9349
-9002
-9036
-9110
-9822
-9593
-9031
-8459
-8509
-8366
-8519
-9033
-10076
-10100
-9910
-10634
-10904
-10839
-11301
-11374
-10902
-10353
-10201
-9178
-8424
-8834
-9363
-9552
-9541
-10126
-11157
-11927
-12631
-13218
-14134
-14720
-15222
-15412
-16290
-16576
-17138
-17668
-18022
-18290
-18506
-18858
-19049
-18762
-19370
-19693
-20089
-20412
-20220
-19709
-18724
-18086
-18001
-17660
-16597
-15474
-14285
-13320
-12096
-11253
-10918
-10266
-9442
-8676
-8529
-8495
-7417
-6976
-6349
-5741
-5931
-6456
-6604
-6882
-7637
-8141
-8910
-9363
-9868
-10035
-10558
-11565
-12719
-14131
-14949
-14830
-14839
-15070
-16248
-17343
-18018
-17831
-17497
-17135
-17273
-17358
-17076
-17050
-16806
-16792
-17087
-17150
-16938
-16934
-16441
-16093
-15551
-15438
-15711
-16000
-16234
-16247
-16130
-16674
-17020
-16720
-16530
-16661
-16722
-17143
-17319
-17435
-17640
-17662
-17304
-16320
-15887
-15450
-14615
-13847
-13312
-13528
-13331
-12807
-12123
-12183
-11922
-11623
-11853
-11957
-11807
-11641
-12073
-12149
-11339
-11234
-10908
-10208
-9692
-9073
-9110
-8811
-8434
-8965
-9635
-9769
-9770
-10414
-11091
-11748
-12006
-12366
-12643
-13047
-13242
-13605
-14415
-14459
-15036
-15352
-15839
-15724
-15021
-14167
-13116
-12429
-11864
-12274
-12517
-12118
-11690
-11321
-10979
-10846
-10715
-10314
-9958
-10526
-10997
-11425
-11751
-11718
-11544
-10735
-10214
-9490
-8724
-8624
-7933
-6828
-6404
-5948
-5456
-5652
-6141
-6342
-6325
-5897
-5452
-5541
-5296
-5442
-5573
-5399
-5737
-5403
-5593
-6151
-6434
-6552
-6427
-6259
-6302
-6140
-6085
-6619
-6726
-6716
-7263
-7608
-7683
-8528
-9330
-10112
-11872
-13453
-14856
-15617
-16135
-16705
-16108
-15610
-15032
-14488
-13635
-12861
-12924
-12482
-12328
-12325
-11608
-11307
-11387
-10956
-10703
-9877
-8762
-8083
-7070
-6806
-5969
-5300
-5444
-5365
-4483
-3473
-3121
-2875
-2246
-2112
-1398
-39
436
517
595
711
969
554
606
283
395
364
191
-89
-471
-650
-1045
-1122
-1166
-2007
-2466
-2189
-2072
-2394
-2305
-2113
-2379
-2121
-1826
-1536
-1637
-1661
-1416
-1221
-955
-1296
-1582
-1691
-2260
-2321
-1968
-1108
-1468
-1609
-1032
-1001
-405
232
676
955
1351
1305
1628
2165
2766
2097
2208
1935
764
1081
1063
1391
1488
1738
1834
1759
2162
1751
2322
2730
3094
3993
3623
3129
3251
3282
2351
2129
2162
2157
1618
1307
1216
606
1282
1345
834
282
678
54
-51
724
306
-65
-1144
-1515
-1684
-1233
-930
-854
-447
41
339
1038
1755
2093
2033
2114
2361
2309
2385
2329
2067
1843
2448
2657
3375
3433
4091
3810
3077
3350
3529
3295
2748
3106
3120
3082
3111
2940
2512
2725
2713
2444
2380
2635
2659
2524
2266
2393
2192
1718
1984
2105
2375
3083
3228
3476
4069
4580
5111
5174
4930
5127
5169
5459
5800
5499
5794
6284
6620
6748
6340
5814
5404
5631
6062
6575
6443
6326
6550
6551
6142
6270
7179
7249
6851
6108
6341
6300
5876
6445
6115
6251
6065
5438
5375
5700
5843
5590
4825
3948
3815
4071
4094
3549
2986
1911
645
-443
-1100
-1349
-1834
-1793
-1934
-2534
-2956
-3031
-2922
-3341
-3020
-2529
-2172
-2504
-2597
-2274
-1269
-656
-527
-484
-366
229
866
1461
1562
1595
1709
1993
2544
2790
3490
4134
4955
5560
5681
6641
7435
7129
7144
7380
7073
7017
6421
5836
5873
5936
5246
4843
5595
6040
5578
5491
5155
4233
3774
4205
3799
3147
1877
1416
1550
1220
984
925
1040
414
523
653
847
514
652
715
442
48
424
991
703
292
-158
-895
-1390
-1817
-2162
-2460
-2995
-3294
-3605
-2742
-1581
-548
-198
298
559
9
-942
-962
-976
-1559
-1831
-1031
50
693
1988
2163
2354
2670
2280
2426
2706
2973
2739
2465
2668
2255
1334
718
919
1034
765
273
109
272
45
-706
-2388
-2320
-2530
-2933
-3187
-3057
-3055
-4039
-4459
-4380
-3662
-3189
-2992
-2446
-2006
-2276
-2096
-1517
-956
-634
-608
38
737
1357
1206
1211
1568
1295
1562
2153
2371
2984
3766
3839
3548
3473
3032
3192
2616
2364
2101
1367
663
-31
-281
-786
-952
-720
-707
-875
-967
-819
-925
-1911
-2500
-2461
-2934
-3787
-4284
-4810
-5435
-6136
-6447
-6566
-6337
-5804
-5239
-4684
-3981
-3202
-1960
-409
354
460
186
-88
-492
-578
-391
-497
-355
-846
-1446
-1900
-1881
-982
-967
-1564
-1974
-2040
-1865
-1748
-1479
-1116
-894
-1513
-2007
-1785
-1402
-1627
-1560
-1847
-1633
-1884
-2512
-2977
-3128
-2994
-3414
-2596
-2509
-2615
-3141
-3156
-3184
-3770
-3760
-4177
-4557
-4328
-3818
-3736
-3923
-3788
-4178
-4510
-5130
-5615
-6057
-6355
-6983
-7757
-7927
-8275
-8868
-9035
-9220
-9331
-9121
-8826
-8888
-9304
-9106
-8634
-8023
-7466
-7003
-7026
-7546
-7709
-8196
-8666
-9068
-8585
-8703
-8693
-8909
-9003
-9996
-10281
-9427
-9969
-9547
-8676
-8579
-8415
-8815
-8724
-9374
-9920
-9498
-8882
-8630
-8666
-8795
-8605
-7603
-6802
-7250
-8248
-8630
-8538
-9143
-9892
-10357
-11257
-10968
-10767
-10716
-10254
-10581
-10901
-11010
-10884
-10104
-10096
-10036
-10185
-10882
-10582
-9904
-8877
-7723
-6885
-6738
-6184
-6917
-6995
-6408
-5328
-4100
-3750
-3568
-3101
-2500
-1574
-925
-1247
-1471
-1259
70
705
1360
1675
1653
1419
1776
2554
2438
2730
3211
3975
4559
5607
6268
6949
7048
6688
6805
7409
7522
7212
7782
7831
8354
7625
6716
6909
6530
6143
5881
5198
5117
5090
5147
4620
3984
4752
5475
5841
6213
5915
6354
5849
5140
5648
5584
6179
6030
5598
5541
4567
3824
3168
2998
2190
2155
2481
1328
1159
1141
1663
1611
1968
2904
2878
3657
4031
4322
5223
5344
5446
5023
5055
5759
5613
5675
5514
5248
5185
5068
4997
4057
3368
3612
3639
3097
3069
2940
2742
3015
3329
3803
3677
3648
4369
5154
5706
6337
6353
6906
7046
6944
7018
7355
7635
7537
8116
8637
9073
8757
9276
9487
9109
8826
8120
8099
7643
7211
7755
8259
9361
9977
10513
10790
11626
12277
12879
14299
14012
15255
15987
16481
16857
16117
17220
17153
17295
17610
16657
17317
17348
16993
16890
16500
16087
15509
15047
14495
14374
15120
14738
14314
13746
13926
13941
13082
13320
13217
13384
13465
12806
13000
12859
12593
13508
12715
13121
12857
12490
13523
12299
12972
12066
11312
11893
9888
11227
10831
11421
12326
11675
12434
10678
11159
10908
9973
10619
9922
11071
10272
10888
11473
10381
10997
11686
12452
12430
12812
13684
14360
15266
15514
16164
15964
15515
15184
14578
13929
13005
11944
11070
10603
10358
10975
10086
10611
11002
11503
11366
10788
11379
10186
10534
9914
8700
9528
8661
9434
8423
9122
10547
9045
10340
9875
10362
10447
10265
11080
10186
11152
11207
11106
10968
10093
10936
11735
12193
12863
13011
14083
13477
13357
13375
13341
13448
13095
12850
12094
12235
11013
9951
9960
8488
7744
7396
5791
6075
4463
3773
4099
2130
2930
2221
2695
3577
1587
3976
3248
3578
4706
2826
5293
3462
4464
6331
4779
6354
4998
4907
5731
5197
5438
5180
5541
5676
5714
5136
4716
5294
4438
4844
5452
5149
4899
5199
5161
5582
6188
7099
7047
7198
7883
8219
9119
9372
10282
10749
10501
11460
11646
11569
12490
12147
11859
12135
11452
12031
10724
10170
10368
8514
10023
8634
6851
8494
6613
7311
8018
5793
7535
6479
6247
7586
6085
7163
7768
6525
7529
7702
7093
7320
7573
7008
7563
7479
6775
7941
7460
7504
7860
7003
7378
7312
7272
7417
7105
7422
8194
7316
7818
8082
6193
7970
7701
7247
8893
7551
8444
9335
7620
8349
7875
5678
7653
7175
5722
7434
6391
7353
8103
7700
8887
7862
8177
9049
8160
8268
8018
8340
9099
8518
8802
9170
9065
9832
9553
9643
9691
10381
11278
10851
11899
11674
11224
11785
10923
11650
10919
9799
10851
9360
8968
9654
7283
8222
7353
6694
7617
5411
7800
7730
5590
7878
4630
4211
5286
2251
4600
4488
3680
5530
4275
5371
6448
5962
6382
7003
5577
5744
5470
5031
7151
4611
5380
6065
3403
6003
4828
3503
5254
4120
5144
6760
5780
5819
6940
5303
6704
6979
6196
7507
6602
7284
6848
5870
6112
5858
4595
5684
4845
4452
6025
3553
4331
4819
1338
3423
1606
-1164
749
-1736
-2450
-1791
-4803
-4426
-3098
-5447
-4143
-4224
-6084
-5874
-6163
-6611
-6773
-7040
-7711
-8667
-8082
-8302
-9264
-7877
-8820
-9636
-8667
-10097
-10701
-9882
-11197
-11108
-9852
-11216
-10156
-8970
-9331
-8012
-7127
-7161
-7048
-5757
-5852
-4281
-3111
-5187
-3204
-2421
-3797
-762
-726
-2694
274
-772
-2947
-373
-2168
-3671
-742
-2923
-5338
-3993
-5585
-8141
-6567
-8956
-12385
-10844
-12035
-14884
-13002
-13199
-15817
-13518
-12795
-15208
-13059
-12743
-16249
-13940
-13344
-18019
-15009
-14613
-19584
-16698
-16523
-19499
-16448
-15996
-18278
-16181
-15994
-17883
-14952
-14552
-16056
-12314
-12022
-13002
-10283
-9183
-10536
-8885
-8348
-10744
-9156
-8912
-10905
-9219
-9251
-13062
-10740
-10270
-14120
-10329
-11828
-16071
-11600
-13801
-17114
-12935
-15340
-17298
-13948
-15887
-17652
-13935
-16612
-18432
-15239
-17319
-18442
-15607
-17331
-19266
-16797
-18779
-20687
-17630
-19855
-21622
-18066
-20941
-21973
-17668
-20560
-20838
-17884
-21159
-21158
-18053
-20834
-20272
-16996
-19249
-18659
-15467
-17125
-16182
-13507
-15134
-13262
-11329
-12617
-10018
-8155
-10746
-9601
-8295
-11293
-10087
-9817
-12674
-10851
-10468
-13122
-10812
-11292
-14662
-12868
-12372
-15500
-13605
-13526
-17228
-14262
-14164
-18198
-14813
-15900
-19939
-15573
-17164
-19113
-16100
-17501
-19182
-16734
-16547
-18823
-15916
-15198
-17633
-14465
-13911
-16672
-12998
-12640
-15895
-13203
-13837
-17213
-13180
-14347
-17299
-12771
-13997
-16124
-12430
-13828
-15403
-11660
-13293
-14498
-11851
-13078
-13982
-11377
-12517
-14555
-12510
-14584
-16000
-13782
-15904
-17689
-14438
-16863
-18291
-14118
-16685
-16940
-12206
-14735
-16175
-11316
-14255
-15194
-10074
-13343
-14391
-10040
-13144
-13110
-9031
-13579
-11802
-9246
-13891
-12496
-11043
-13943
-13229
-11497
-14486
-13683
-12594
-15014
-13585
-12828
-13930
-13616
-12724
-14101
-13033
-10768
-12034
-10359
-10005
-11317
-11130
-8879
-9551
-8909
-6367
-8461
-7037
-6385
-8820
-6584
-6980
-6733
-5436
-7143
-6381
-6515
-6635
-6762
-6325
-6685
-7185
-6928
-6662
-6718
-6113
-6991
-7307
-7263
-8634
-7636
-8286
-8673
-7070
-9158
-7833
-7717
-9672
-6965
-9508
-9031
-7918
-10785
-7220
-7804
-8420
-5792
-8925
-6391
-5102
-7360
-4540
-5083
-4882
-3689
-5671
-4325
-5086
-6938
-3277
-7458
-6833
-5111
-9641
-4162
-6710
-8998
-4593
-8457
-8742
-6640
-10422
-9766
-8543
-10645
-8596
-8955
-9065
-7330
-8519
-5386
-5860
-6000
-2164
-6238
-3303
-4562
-6704
-1963
-6438
-5808
-3116
-8679
-6147
-4359
-9026
-5130
-6828
-8464
-3469
-6609
-6611
-4302
-7194
-5839
-5267
-7031
-5177
-4712
-5556
-5171
-7093
-4904
-6161
-5941
-1073
-7469
-1911
-1971
-7825
652
-5200
-5036
-1623
-7843
-3487
-3233
-5665
-6693
-5696
-7190
-7826
-5554
-7713
-6108
-7650
-5812
-5489
-5118
-1857
-6131
265
-2106
-2774
2914
-2962
1963
2284
83
2770
1356
2968
616
2335
385
-645
1194
-2169
-52
-847
-2206
-2231
-385
-2134
-1145
-947
-3985
-1450
-4277
-2880
-1445
-3141
-1496
-4735
-1685
-2853
-6556
-2732
-8618
-5547
-4335
-9612
-4287
-5731
-6907
-3472
-6436
-6086
-5393
-6896
-5343
-6171
-5393
-5530
-5371
-4414
-4336
-5755
-3799
-6310
-5928
-1312
-6964
-2315
-2637
-7040
-1005
-4223
-5403
-1606
-5421
-3138
-2859
-6034
-3553
-6700
-4488
-5293
-6894
-2393
-6523
-2956
-2018
-6140
-1519
-4116
-4037
-307
-1765
-1333
435
-823
-1747
1601
-1136
243
1741
-1129
258
-807
1282
-1266
-69
205
-3882
1273
-3051
-2394
337
-4022
-1521
-3678
-3724
-2554
-2861
-1878
-3090
-256
-335
-1693
2178
-1099
213
2178
-1429
1377
827
-1018
3123
3188
2551
5667
3111
5387
5418
4669
6378
2872
7002
4607
4670
9000
2445
6901
5177
2548
7620
2806
5286
4362
2897
2929
1027
3614
342
1708
1664
-529
343
-698
-1462
-2021
-382
-3651
-894
-2477
-3884
88
-3900
-1066
-1991
-2201
-229
-1542
1190
-646
1472
2028
1265
2240
2201
2690
1803
3183
192
884
-140
-927
894
-938
755
-213
1479
-279
845
1462
-303
1287
-390
1746
-1262
1285
-79
-743
2153
-2182
3146
-1146
-889
2101
-2347
425
-2679
-865
-1763
-964
-2524
-2153
-2323
-5354
-719
-6916
-2105
-5454
-4816
-775
-6762
848
-4921
-1522
-950
-3382
36
-2826
-164
-1736
1039
-573
2261
1477
1056
5475
13
7732
1669
6364
6177
1920
9255
2029
7032
4679
5403
4704
3699
4212
1588
5682
-1048
4565
-1634
464
1927
-4560
1804
-6435
-2515
-4449
-5679
-5593
-6135
-7997
-9356
-7272
-12560
-6356
-12668
-6638
-9147
-10994
-3006
-11138
-2502
-7907
-5784
-809
-4937
913
-2741
375
-1113
1462
993
1259
4437
55
7837
2667
6961
6080
3326
6900
1914
6203
2714
3311
1081
861
-204
-1850
-1088
-6026
-1138
-6894
-3633
-3390
-7803
-1225
-8259
-3053
-4912
-7135
-3294
-7782
-3748
-6361
-3940
-5752
-4652
-5455
-4395
-2631
-6505
1548
-6217
1236
586
-2748
6082
-3789
4881
715
-353
3315
-3674
2971
-1598
455
-1210
-985
-2409
-2088
-1864
-2940
576
-6136
429
-6779
-4173
-6545
-7580
-4374
-9490
-5056
-10872
-6773
-8760
-8149
-7506
-10993
-6128
-11810
-6512
-9997
-9036
-7797
-11039
-5109
-9657
-6009
-7468
-5905
-6929
-6697
-4956
-5769
-3267
-8096
-3810
-8464
-5583
-7362
-7978
-4046
-10022
-2558
-8258
-4812
-3547
-8458
-1313
-7735
-2383
-3472
-5048
-1629
-6694
-3076
-6184
-4296
-6373
-5772
-6770
-8001
-5002
-10958
-4284
-11825
-6452
-5356
-10077
-1023
-10070
-2442
-4424
-5140
238
-5624
675
-3297
-767
-298
-597
-599
-94
179
-1509
2056
-3125
2844
-2329
724
597
-1808
1848
-3123
1692
-2583
433
-1677
-2293
357
-2980
1757
-4258
-72
-4147
-2225
-1486
-4388
618
-4258
-332
-4076
-2989
-4095
-3635
-3182
-1544
-1698
-2447
-116
-2219
3288
-1511
3227
564
1282
3617
-651
4272
-1023
3490
1294
3143
4576
3063
6886
2469
7438
4608
6850
6071
3757
7818
2531
7634
3656
4395
3969
2000
3853
1534
4018
3239
5649
3375
7199
5115
7282
7293
5647
10749
5916
11297
6971
8639
9737
5650
10924
5444
9504
5657
6816
6512
4780
6539
3805
7715
3256
7054
1860
4809
3548
2912
4714
763
7495
2235
7726
4172
7124
6583
5721
9692
4318
11023
5171
9140
7432
8293
11271
7313
11535
7242
13649
8726
12421
11370
9922
14564
8728
16389
9253
15280
11781
10883
14096
8045
15255
9096
14439
10662
13171
12025
10538
13220
9114
13666
8079
12647
8693
11814
10601
8041
11969
5788
12478
7669
11308
9492
10621
11354
8460
10891
6230
10072
6577
9816
6046
7587
7504
4844
8969
4592
9189
5125
6138
5566
5325
6098
4436
5233
3210
6091
3338
6123
4142
5959
7781
6868
10659
8675
12486
10894
12227
11138
12179
12804
12072
14442
12763
15261
12896
15978
14522
14890
16509
12732
16739
12126
14230
12729
10412
12044
6928
10199
6758
7547
6986
4172
5587
3308
4764
3131
4792
2631
6509
3441
6133
6169
5079
8464
5305
9940
7748
10776
9346
10484
11286
10760
12774
11541
14083
10976
15141
11375
14283
13196
12835
14307
10560
13645
10589
12316
10577
12223
10573
11434
13044
12175
14421
11516
15376
11348
13431
11675
11376
13209
11537
13653
11208
12569
9776
10964
9132
10730
10343
9604
10617
8852
10100
9179
10336
10065
10430
9716
11424
10738
12084
12609
11331
14411
11305
14442
11323
13114
11490
12288
11621
11689
11430
9412
12174
8485
11847
9032
10801
11100
8460
11894
6699
10494
7933
7889
8365
5899
7325
6086
6517
5156
5539
3470
4982
4176
4379
5903
3342
6523
4172
8666
7256
8675
10778
8690
13764
10768
13073
11702
11282
13553
10375
12216
9583
10247
10675
9413
10924
8281
11408
9113
11330
10139
9356
11547
8131
13052
7563
11789
9888
9232
11862
7244
12694
6572
10867
9151
7512
11597
5395
12126
8108
8402
9092
4264
8160
3908
6474
4452
4335
4924
3213
5692
3063
6728
3590
6165
4345
4526
8118
4619
10618
6127
10348
9688
9593
11685
7922
12066
9307
13107
10709
11501
11781
10482
11021
9170
11343
7630
12390
8724
13342
9021
12411
10617
9457
12092
6518
11970
5262
11089
6646
8982
8295
5556
10187
4435
10775
6003
9219
8009
7814
11855
8180
12761
9663
11828
11359
11439
13953
12789
13725
11912
14062
13831
13182
13205
11351
12528
9171
10651
9394
10181
8821
8397
8863
6292
8897
4727
7878
3533
5436
5371
3479
6072
1485
5506
1889
3891
2433
2376
2367
869
3077
502
2981
484
2028
1928
1992
2917
1326
3933
2925
5135
3171
3711
2214
3389
2089
5000
2697
3156
2743
2680
5182
1040
5951
1364
4563
1984
3750
3987
2113
6090
2125
8206
3063
8099
5409
7264
8955
6494
12122
7284
15194
10765
16136
14971
15570
19915
16310
21685
15882
21514
16501
19358
16906
14716
16038
11446
15278
7819
13184
6978
10845
8002
7267
7756
3812
6751
2154
5920
-376
2652
-304
1306
25
142
557
-1191
2164
-63
2134
867
2840
1190
2977
1170
3675
1177
4366
2546
4598
2454
1820
1828
-1771
-155
-4259
-980
-5990
-3140
-5779
-2740
-4708
-3160
-2696
-4697
-2632
-5904
-1413
-5565
-1009
-2847
-1389
-2048
279
-966
19
1588
549
4211
1336
6112
4069
6444
5374
6324
7246
8253
6879
8856
7422
9164
7945
9063
9058
8438
10816
8174
10484
6476
9726
6314
8069
6074
5711
6116
5073
5861
2774
3692
1356
1725
2085
2928
1945
3420
1244
3845
2221
2246
3816
1939
5608
2021
6464
2876
7046
4801
7223
5804
5821
7574
6587
7654
7648
10592
10214
11779
11088
10623
9697
10527
9404
10326
8834
8924
7191
7246
5986
6780
6582
4969
4775
4369
5116
4330
4499
2967
2987
1261
2148
784
3171
1237
3416
2590
4057
5446
3635
5781
4194
5981
5824
5392
6427
5571
4961
5764
5258
5070
3823
4518
3238
2953
3472
4091
2923
4457
1946
3477
177
2184
64
1897
880
1305
2185
292
2834
-1041
1928
-111
459
1139
-355
1563
466
3178
2746
4247
4979
5707
6539
6155
7753
6626
9285
6798
8134
8188
7173
9188
7448
9731
7158
8196
6785
6322
6492
6186
5144
4173
3561
2015
3969
2280
2907
1496
1766
1734
599
2856
49
3431
672
4304
2179
4063
2548
3621
3982
3177
3958
1860
3214
2480
3544
3247
4241
3157
3503
3614
2111
2861
2053
1543
818
-659
314
-1486
-539
-2000
-1521
-3193
-3421
-4532
-5403
-4950
-5887
-5561
-5592
-4653
-4489
-4917
-4180
-3057
-2314
-359
126
1482
1439
2557
1506
2843
2198
2984
2510
2701
1429
1215
828
244
-801
-740
-403
-349
-370
-1786
-566
-1578
-117
-644
-54
-1852
-1126
-2700
-1557
-2919
-1032
-1488
-360
112
1782
2075
2886
3241
4097
4549
5023
5885
4776
5815
4238
4258
3714
3768
2163
768
245
-439
-295
-1725
-1414
-1404
-1204
-908
-971
-1343
-1676
-1300
-1661
-999
-480
695
680
2106
824
1599
1159
865
1050
1420
1597
2017
4517
4247
4345
4730
4556
3433
5268
4371
3305
2671
3281
3303
3567
2921
1572
1508
337
118
-413
251
-1642
-1404
-2210
-2833
-2751
-1817
-2419
-1163
-1188
-362
-361
47
-1032
-285
585
37
1693
219
1820
477
2331
387
1533
857
-665
1030
187
2903
954
4196
1724
4542
4630
3078
3033
2509
3277
568
2917
-385
136
-2424
-3020
-3675
-5758
-4764
-6157
-4569
-6863
-4998
-6882
-7913
-7381
-8211
-6035
-9338
-8249
-10050
-8742
-8408
-9189
-6702
-10076
-5627
-7167
-4847
-5235
-5139
-3892
-5721
-2890
-4618
-2096
-3903
-1283
-3112
-2762
-3857
-5644
-2436
-5958
-1510
-4606
-925
-3022
-3359
-1956
-3612
157
-2859
87
-1453
-1600
-2139
-2497
178
-3129
139
-2447
-229
-1654
-384
562
-1189
2504
-681
1447
-520
381
682
-1735
987
-3112
40
-2418
-2092
-868
-4847
-1018
-4679
-3132
-3967
-5551
-2520
-5910
-3178
-5201
-4960
-4566
-5861
-3845
-7078
-4645
-5696
-4489
-4382
-4868
-3060
-5323
-3445
-5909
-3493
-2346
-2175
-1468
-3990
-293
-2318
-537
-868
-399
984
-1039
1866
268
1882
-1428
-1000
-2335
-1974
-2215
-2396
-1883
-3374
-1443
-3875
-2988
-4169
-3798
-5747
-5947
-4739
-5526
-6083
-6532
-6066
-7600
-8069
-8641
-9649
-11408
-11615
-11007
-10718
-11294
-11136
-11237
-11800
-10495
-10978
-9714
-11248
-11043
-11815
-11379
-9912
-11170
-9250
-9615
-8280
-10081
-9356
-8706
-8030
-6382
-7512
-7424
-9263
-9154
-8502
-8697
-8378
-8932
-8310
-8065
-8149
-8387
-9019
-8614
-8980
-9036
-8467
-9405
-9562
-9320
-8531
-8561
-7830
-7244
-6959
-6409
-5871
-5819
-7667
-4911
-5766
-5508
-5204
-5564
-4487
-6152
-3886
-5704
-5496
-4744
-5208
-3125
-3814
-1713
-2368
-2020
64
-74
2769
1177
2057
1563
1096
1701
1416
1505
818
1815
-353
-1737
-1659
-2827
-2961
-2623
-2986
-3126
-3860
-2842
-4787
-4272
-4504
-6359
-6075
-7425
-6335
-8269
-8149
-7079
-8426
-7486
-8309
-7596
-8263
-8211
-9062
-9320
-9010
-9591
-8877
-11202
-12369
-13568
-12787
-12360
-12650
-11583
-12737
-11974
-12345
-11768
-10341
-10608
-10123
-10763
-10958
-9722
-9011
-8893
-8651
-8234
-8138
-8367
-8370
-9020
-8195
-7205
-6561
-5678
-5850
-5592
-5889
-5201
-5868
-5619
-7470
-7362
-6659
-7771
-8389
-7565
-8367
-8529
-7408
-7424
-7305
-6374
-6244
-7081
-7610
-7760
-7591
-6613
-7432
-6830
-6045
-5493
-4236
-4274
-3618
-4063
-3566
-3159
-3159
-3208
-3733
-3660
-2332
-2612
-3307
-1995
-3110
-2669
-2105
-3743
-3957
-5126
-4421
-3928
-4771
-3876
-3960
-4112
-3560
-3118
-3708
-3275
-4439
-4121
-4123
-4569
-4135
-4319
-4835
-5191
-5987
-5564
-6113
-6162
-5619
-6026
-5643
-4248
-5801
-4261
-3696
-5096
-1500
-2058
-2054
898
-1752
-212
-90
-952
-125
-1092
-1412
-2283
-2127
-2182
-2799
-2731
-3328
-4072
-3373
-2289
-3744
-867
-2032
-2774
-643
-1340
95
720
1012
463
1839
1610
1128
2234
325
1507
493
1026
1192
414
1058
-46
-1312
-3055
-3151
-3334
-5191
-4353
-5544
-5766
-6489
-5076
-4363
-5581
-3462
-3117
-1873
-2519
-3177
-1778
-1819
-1725
-229
-648
-1463
860
1854
2223
1888
816
928
751
451
889
506
930
478
1138
1159
2095
2628
2983
2424
1988
2259
1040
346
104
122
-504
-426
-532
-104
-1416
-2360
-3289
-3732
-3210
-3656
-2616
-2466
-2528
-2784
-2156
-1600
-1925
-1878
-2651
-2805
-2161
-2386
-2435
-3026
-3591
-3342
-3597
-3560
-4688
-4800
-4918
-5894
-6410
-5960
-6309
-7054
-6748
-6868
-5949
-5965
-5447
-4320
-4480
-4066
-4472
-4316
-4145
-4815
-4415
-3854
-3433
-3088
-3071
-2505
-2293
-2552
-2021
-2711
-2824
-3904
-4205
-4675
-3684
-4147
-3883
-3293
-4682
-3682
-5850
-5964
-5783
-5776
-4758
-6175
-5614
-5094
-5075
-5071
-4854
-4379
-4874
-4275
-4317
-4166
-6226
-6681
-6704
-7455
-5801
-6080
-7298
-7949
-8868
-9701
-8173
-7916
-8145
-8708
-9601
-9028
-10283
-9840
-11461
-12704
-12726
-13164
-13868
-13067
-13096
-12984
-13058
-13302
-12975
-13719
-12928
-12030
-11164
-9907
-9880
-9547
-8933
-8314
-8524
-8908
-8988
-9593
-10095
-11310
-10892
-11253
-11427
-11417
-12697
-12169
-11723
-11839
-11441
-10114
-10112
-9609
-9941
-10263
-9490
-9166
-8323
-8819
-8025
-7988
-8528
-7502
-7338
-7384
-7892
-7466
-6669
-6361
-6175
-6239
-7633
-6540
-5809
-7080
-6135
-5470
-5518
-4801
-5197
-4532
-4439
-3808
-3804
-3543
-2972
-2903
-2873
-3501
-3887
-4192
-2686
-3648
-3809
-4159
-5526
-5205
-5559
-5726
-4673
-5624
-5312
-4896
-5186
-4905
-4705
-3938
-3488
-3887
-3823
-4513
-3952
-2350
-1765
-1806
-1116
-1197
141
154
-411
-348
-1631
-1862
-2328
-2903
-1575
-951
-573
171
-622
-1339
-1416
-1767
-949
-1034
-1624
-953
136
-241
-621
-46
790
-349
-177
-296
-2844
-2021
-2703
-4126
-3137
-3568
-4313
-3379
-5059
-5551
-4325
-5424
-5121
-4818
-5258
-4932
-5257
-4486
-3834
-4135
-3412
-3773
-2919
-1558
-2005
-1168
-1303
-1125
-634
-1662
-1707
-1445
-1533
-739
-70
151
1045
1877
2402
1601
435
1819
1746
537
509
-615
-1644
-1684
-2334
-2317
-2266
-3296
-3237
-2994
-2918
-2780
-2808
-2318
-1417
-1242
-678
-1138
-1254
-218
-594
-202
509
107
935
885
809
2378
3657
3505
2765
2299
2796
3758
5753
5989
4210
4777
5506
6079
6224
6269
5292
4865
5481
6318
7087
7255
6863
5820
5916
5173
4421
3917
3978
4191
4032
3035
2048
2260
1858
1615
1381
877
1074
-291
-1113
-593
-867
-1082
-1194
-1262
-980
-482
-711
-146
480
1319
1662
1135
532
467
623
1211
492
457
1138
571
1026
661
564
75
230
154
215
751
1155
2142
2295
2451
809
-440
-941
-1777
-1350
-1424
-3204
-2861
-1999
-1421
-495
-455
219
1262
2210
2745
3700
3800
3740
5122
5705
5933
5297
3910
3417
4278
3185
1850
1840
820
391
489
-261
-1582
-2658
-3364
-1787
-1490
-1267
-1693
-1343
-1304
-1425
-727
-665
1232
2161
2397
1900
3178
3193
2929
3512
2661
3438
3649
3446
3642
3399
4184
4042
2951
2870
2611
2742
2979
2773
3396
3653
3340
4028
3190
2222
2455
2834
2452
2356
3492
3232
2956
3248
3351
2869
2501
2068
1565
1834
1176
623
646
255
-159
578
1325
2350
3377
3416
4562
4135
4410
4543
4636
4339
4708
4862
4069
3378
3536
3510
4092
5185
5399
6068
5724
5692
4700
3385
3119
2727
2009
1139
767
678
64
447
-83
25
1521
1557
2056
2822
1859
1882
1935
1782
2985
3709
3515
3104
3438
3061
2152
1718
2201
1603
1573
1633
1290
1113
1054
2204
2692
2616
3028
2494
1146
899
207
-459
-933
-787
34
-1089
-976
-119
175
320
805
1697
2561
2772
3709
4459
5565
4587
4834
3979
2706
2711
2748
2791
3246
2892
2352
2676
2196
2227
2250
3584
3592
3068
3128
2046
2050
1546
436
-255
-634
-1406
-922
-1630
-1316
-2020
-3027
-1213
-1087
-881
-1084
-907
-1056
-279
1034
1383
2097
2088
1723
782
723
517
765
1287
593
850
1229
2401
2887
3497
4366
3700
3905
3782
3752
3063
2313
1753
882
1521
2372
2622
2922
3693
2978
4064
4864
4656
4979
3793
3086
2604
2736
2363
2121
2571
3116
3359
3272
3368
3129
3522
3719
3546
2676
2894
3140
3175
4542
5210
5428
4314
4372
4960
4486
4196
5118
4816
4184
4000
2694
2563
3198
4065
3646
3594
3536
4459
5036
4978
5597
4709
3329
2830
2473
2224
1088
1184
1630
472
-1029
-1289
-1767
-2393
-2165
-2492
-1698
-2098
-1994
-2286
-1321
-65
-984
-1049
-1652
-818
-155
208
850
953
1055
-196
128
1124
369
-796
-1016
-416
-608
-1076
-1441
-603
-457
59
133
134
1116
845
878
644
44
784
374
-186
-212
-24
-1192
-710
-247
236
603
1652
2061
2493
3341
3960
3604
2475
1724
2026
2565
1739
2070
2653
3282
3016
3773
5135
5010
5444
5248
6057
6865
6822
6574
6671
6797
6113
5848
5126
4834
5527
4925
5039
4842
4422
3476
3742
3866
3497
4238
4092
5853
5588
5769
5638
5902
6630
6291
5673
5576
5135
5290
5329
5747
6891
7216
7409
7521
8030
7628
7505
6826
6907
6386
5359
4329
3354
3426
3575
4147
3789
3871
3609
3342
2629
2125
2729
3344
3240
2964
3785
4405
4776
4659
4529
3518
2655
1511
1577
1646
943
-67
-1197
-720
-448
-597
-1058
-361
-28
197
7
485
633
1092
814
139
994
852
683
296
-600
-1036
-1178
-153
405
891
1554
1731
1556
352
-222
-442
-389
-1437
-2618
-2242
-1890
-2059
-1555
-1054
-1079
-744
-819
-829
-847
-800
-1828
-2692
-2229
-1869
-2522
-3045
-3599
-2745
-2464
-2181
-2065
-2858
-2928
-3779
-2877
-2762
-2267
-1512
-2080
-1932
-1598
-2168
-2246
-2472
-2633
-2388
-3110
-3062
-3113
-2407
-2775
-3512
-3671
-3058
-2864
-2865
-2706
-4168
-4624
-5021
-4922
-4494
-4375
-4559
-5163
-4806
-4383
-4081
-4213
-3950
-3379
-3022
-2627
-2455
-2546
-2006
-1425
-520
-1048
-1532
-901
-1585
-1685
-1234
-787
-986
-792
-1390
-1514
-630
-1515
-1812
-2896
-2470
-1954
-2002
-1500
-1818
-1545
-2119
-1520
-1748
-1777
-1323
-1359
-1714
-1856
-2279
-2767
-3627
-3967
-3637
-3599
-2997
-3254
-3603
-2406
-1969
-1582
-1359
-679
-639
-974
-1335
-1738
-1759
-1991
-1368
-1449
-1603
-1769
-2358
-2183
-3107
-3875
-3815
-3629
-4760
-6017
-6963
-6981
-7246
-7743
-7347
-7338
-7412
-7392
-7106
-6788
-4949
-4914
-5559
-6462
-6947
-7361
-8551
-8673
-8888
-7795
-7481
-7938
-7614
-6522
-6651
-6754
-6421
-6997
-6165
-6638
-6176
-7020
-6783
-6761
-6733
-6316
-6243
-5380
-5896
-5203
-5232
-4107
-3787
-5125
-4310
-4410
-4948
-5427
-5173
-4831
-4110
-4615
-4570
-4588
-3546
-4307
-3802
-2664
-2467
-1567
-2761
-1434
-580
-1174
89
531
828
494
-56
-695
-866
-344
-1188
-2491
-2120
-2062
-2511
-2217
-2976
-1890
-901
-1794
-982
-321
-365
-1501
-2478
-2157
-2628
-3261
-3868
-4200
-5621
-6001
-6568
-6230
-6649
-6741
-5593
-5405
-4500
-3929
-3678
-3964
-3718
-4100
-4114
-3648
-3823
-3087
-3117
-2202
-2748
-3037
-2325
-66
698
2
649
705
1095
435
1076
1149
792
124
-1193
-939
-2163
-2459
-4002
-4028
-4067
-4157
-5802
-6538
-6869
-7230
-6934
-9032
-9197
-8707
-8315
-9041
-9814
-9549
-9350
-9503
-10381
-10511
-10839
-9850
-10992
-12269
-11715
-12265
-12094
-13247
-13182
-12184
-11438
-10856
-11250
-9907
-9155
-9428
-9616
-9271
-7716
-7440
-7894
-8178
-5811
-4713
-5484
-6169
-5792
-3171
-3932
-4291
-3066
-1682
-1173
-2869
-2382
-1867
-342
-527
-878
-350
1183
1379
-572
739
2096
1984
1818
-71
16
1318
213
73
1247
2552
2919
1337
1153
2173
3906
3649
2780
3096
3058
3963
2510
2445
3268
3102
1647
634
605
464
653
-1117
-1279
-1509
-1837
-2007
-2409
-1661
-1953
-1831
-3105
-2601
-1535
-2205
-2811
-2879
-1565
-1816
-2152
-2161
-1915
-1207
-1626
-1527
-1202
-1161
-710
16
21
494
1103
-119
-979
-476
-129
-537
-1399
-1285
-1057
-817
-1250
-1033
239
25
-579
-693
-21
487
398
325
611
614
245
-512
-545
-743
-1223
-1237
-1392
-814
-1688
-2380
-3739
-4085
-4674
-5838
-5808
-6270
-6649
-6798
-6939
-6393
-5453
-5292
-5451
-5120
-4254
-3687
-4017
-4182
-3607
-3656
-3650
-2694
-699
-690
-921
-732
-208
1048
1604
1273
1092
1878
1608
1327
869
1288
1679
1298
1519
3096
3199
1765
1668
2730
2545
1570
771
1098
2125
2388
1752
420
2097
2432
2664
1773
2811
3469
2720
2824
2224
2497
719
-1510
-990
-927
-656
-1183
-1971
-1408
-748
-987
-2645
-3609
-3005
-2839
-3981
-4937
-4056
-4236
-5028
-6668
-6365
-5990
-6493
-7397
-7651
-6673
-6963
-7172
-6440
-4426
-3138
-3088
-3168
-1497
-512
-29
237
1314
4225
4389
4633
5334
7780
9084
8312
6973
7488
9559
8303
7174
7910
9361
9703
7270
8897
9915
9345
8636
6969
7982
8803
7608
5062
6238
7300
7184
6264
5679
7449
6450
5158
4395
4328
4961
2705
1173
2973
3697
1855
1954
-5
1524
2769
-202
1438
1739
1629
2183
-418
150
2731
1386
1411
2550
3187
3057
2295
2779
4988
4580
4899
6172
4373
5895
5049
3653
6603
5371
5727
7198
5970
8232
8138
6554
8285
9045
8500
10552
9044
9890
10710
8891
9461
7647
6458
7951
5266
4365
4769
3947
4088
4039
2322
3184
3494
1146
1570
2339
1641
1602
2073
2055
2019
1093
1142
1537
1669
1497
1408
2604
3571
3162
3520
4065
5651
5305
5379
6525
7589
7188
5576
6822
5667
6329
6801
5408
7208
7726
5485
6563
6813
6498
8359
6268
5087
6020
4770
3230
3549
2648
2077
1036
-360
-160
384
-1540
-2120
-1254
-1569
-1693
-1913
-2390
-1400
-1205
-1602
-1235
331
-540
-1028
-642
-1245
-391
-811
-1226
-819
-498
-2444
-2379
-132
-1940
-2931
-2622
-5093
-4187
-1889
-3324
-3340
-746
-1919
-2620
-698
-1776
-2409
146
-767
-2120
270
-767
-2472
-958
-900
-2451
-1133
-1301
-4015
-2714
-1650
-4625
-3201
-2952
-5483
-3403
-2208
-4577
-2102
-2077
-5250
-2294
-1690
-4111
-2091
-767
-3546
-1606
-1523
-3306
-950
180
-1103
-80
1577
114
804
2286
299
834
2607
639
1921
4398
2378
3242
6504
4196
4620
6449
4431
3901
6045
4301
4400
5526
4356
5083
6095
4587
4731
5269
3624
2255
2793
3649
2103
3516
3951
2226
3502
2219
755
2812
1865
785
2308
1354
951
2580
1713
831
2606
1921
925
2044
1552
1423
2311
1229
-95
271
347
665
784
1262
1383
676
1549
1490
839
1530
1661
1380
3140
2405
1703
2609
865
-58
37
288
543
-238
-1201
-1057
-1465
-1652
-917
-2161
-406
-75
-633
982
284
-447
1378
638
-156
3098
1903
1367
2190
2053
2684
3129
2878
1900
2038
1458
490
908
446
75
1427
1066
283
2448
2774
2575
3717
3490
2729
4767
3640
1773
3885
3421
1507
2107
893
-957
123
-1054
-1220
-385
-1650
-1770
-1525
-1311
-1238
-1577
-1400
-1875
-1932
-563
-440
-1514
194
-1565
-1513
336
-378
275
1738
1040
1742
1505
26
1703
933
-417
2566
2283
2095
3190
3751
4429
4861
3760
4393
6088
5994
6479
6222
5973
5284
4115
4967
4117
3787
5543
4646
4485
4552
2506
3361
3875
3001
3860
3506
1843
1163
770
551
1675
1070
1615
2335
1844
1665
1627
-166
97
203
-417
409
-467
-1052
-872
-2535
-2204
-1505
-1897
-1324
-1973
-244
723
87
906
1153
1101
3187
4324
4978
6229
5726
6439
7214
6557
6959
7855
6843
7279
7288
6371
6505
6917
6943
6965
6140
5690
6748
7494
8118
7921
7694
9074
8787
8806
9147
8483
8608
8310
8416
9182
9046
7482
7947
6849
6372
6805
6693
6779
5743
4609
4453
5096
5460
5364
4426
3538
3986
2728
3082
3440
3991
3639
3474
3350
4324
4798
3945
4260
4600
4632
4681
4704
4354
3826
3517
2536
2133
1972
1089
1076
910
1475
1681
1941
1891
2876
3768
4414
3998
5171
4562
4354
4135
3191
4619
3966
3823
3678
4195
3833
4505
5300
5923
5461
5556
5632
5614
6952
6601
5183
5020
5295
5259
6030
5558
4092
4497
4600
3491
3703
3952
2850
3010
3237
3282
3423
4419
4636
4258
5336
5102
5493
6179
6113
6597
6810
6943
7471
7469
7383
8413
9219
8306
7908
9058
9087
10099
10154
9426
9436
8299
7382
8185
8506
8705
8723
7998
7807
8174
8984
7680
7829
7158
7004
6194
6848
6431
5792
6012
4480
3518
4186
3875
2859
2875
2719
1325
1589
2068
1212
-67
-359
-78
-30
1282
1264
577
1259
2029
2295
2741
2240
1743
2296
2168
1504
1841
1398
1643
1582
2074
2441
2495
1704
2474
3571
3891
4578
4616
5858
5201
5182
4832
5109
5821
5023
3953
4688
4498
3894
3828
3979
4538
4241
4567
4684
4900
4844
4639
4881
5813
5327
4237
4122
5384
6068
6097
6059
6655
7458
6900
6617
5995
6922
7036
7402
7788
7713
7540
7876
7753
8146
8078
8121
8746
9120
9569
10476
9791
9167
10031
9901
9455
9418
10183
10273
9499
9043
8278
8242
7517
6323
5846
6114
4917
4040
4511
3548
2664
1310
796
744
1051
985
1251
1434
2067
2230
1967
2021
2657
2956
2060
1899
3162
3007
2477
1692
2256
2688
1791
1014
472
920
395
525
1203
1623
1578
917
935
1500
2310
1756
2001
1001
1531
2234
1271
1960
2264
2568
2536
2143
2875
3046
2515
3518
5113
6070
5821
5856
7730
7703
8343
8550
9138
9578
9749
9643
9690
8419
7916
7905
7162
7897
8021
7233
7169
6618
6149
5307
4844
5135
5230
5689
5021
5859
6553
6327
6253
5373
5842
5497
4609
4713
4314
4122
3904
3148
3598
2977
3042
2358
3307
2766
3478
3386
2680
2206
2262
2139
682
1460
1672
2119
1046
861
1191
881
-501
-824
-245
636
204
-114
-604
-1513
-1933
-2334
-1859
-2220
-1868
-2849
-2542
-2143
-2303
-2257
-2453
-2444
-1986
-2321
-2042
-2082
-1797
-821
-553
-200
475
1039
1588
1804
1210
1684
1349
1058
1668
1385
1390
1352
1318
2283
3409
4294
3938
3352
3150
1892
1815
2703
2915
2260
2811
3049
2861
3330
2771
2536
2637
2512
2498
1821
1651
1739
1090
-93
770
519
147
-435
-668
-1754
-2095
-1441
-1545
-1626
-2291
-2100
-2121
-1612
-983
-1179
-594
210
875
656
1242
1686
2246
2520
3158
3466
2944
2262
3594
3436
3352
3880
3891
3918
3950
3777
3380
2988
2481
2352
2497
1773
1304
962
1366
1640
2131
2388
2389
2286
2525
2764
2834
2642
2574
2378
1756
1384
1454
1383
119
-555
-1330
-1342
-1367
-1718
-1359
-1570
-2247
-2359
-2066
-1379
-2354
-1801
-2000
-2193
-1479
-1719
-1750
-1461
-679
-1431
-2282
-1305
-1889
-668
-54
-21
239
382
-161
641
1438
421
165
157
459
-386
-532
-602
-659
488
-199
-900
-748
-786
-707
-931
-913
170
280
-361
779
1556
1324
728
666
1585
2420
2314
1521
2422
2965
1586
1508
2259
2809
2218
1221
1669
2251
502
-1073
-519
296
401
-1493
-1208
738
1423
800
275
1287
1858
1375
203
400
1989
1691
497
67
631
1549
195
-990
-580
755
-420
-2369
-2622
-2002
-2740
-4088
-3775
-2884
-2807
-4123
-5023
-3282
-1665
-3296
-4122
-3590
-1598
-1178
-2901
-2423
-2028
-2087
-3601
-4156
-2888
-2284
-3532
-4190
-4070
-3878
-4814
-5999
-5586
-5059
-5603
-6909
-6773
-5524
-5718
-6270
-6427
-6556
-5714
-6243
-7088
-6604
-5986
-6153
-6705
-6263
-5604
-6627
-6702
-6189
-5514
-5289
-6267
-5931
-6170
-5540
-5683
-6296
-5687
-6404
-6173
-6774
-6552
-4558
-4960
-6480
-6015
-4862
-6111
-6235
-6248
-5149
-5280
-6220
-5407
-4579
-3944
-4735
-4430
-3098
-2401
-2382
-2754
-2110
-2506
-2612
-2608
-2729
-2608
-2925
-3537
-4263
-3736
-4551
-4862
-5411
-5577
-6026
-6137
-6219
-6377
-6166
-6557
-6585
-6764
-5513
-5145
-4913
-4569
-4740
-3705
-2194
-3244
-3348
-3243
-3494
-3880
-4169
-3750
-4579
-5664
-6371
-5867
-6326
-6276
-7002
-8117
-8521
-8840
-8863
-9191
-9439
-9156
-10282
-10968
-9783
-8895
-8961
-9060
-9415
-9088
-8474
-9014
-8334
-7225
-7868
-8656
-7711
-8037
-9041
-8945
-9071
-9042
-9167
-9951
-10265
-10408
-10649
-10648
-11525
-11490
-10678
-11110
-10164
-9108
-9023
-9120
-7999
-7773
-7766
-7738
-7710
-7188
-6825
-7065
-7197
-7478
-8880
-9329
-8646
-8627
-8604
-8063
-7840
-7531
-7758
-7538
-7417
-7503
-7883
-7990
-8306
-8402
-7945
-8365
-8668
-8620
-7506
-7339
-7030
-6939
-6643
-6287
-6995
-6216
-5799
-5346
-5686
-5956
-5994
-6394
-6730
-6414
-6019
-5682
-5714
-5446
-5892
-6021
-6059
-7142
-7845
-7530
-7286
-7657
-8248
-8487
-8247
-8183
-8570
-8991
-7914
-7743
-7373
-7197
-7601
-7536
-7859
-7916
-7401
-6499
-6165
-6432
-5802
-5247
-5262
-5591
-5932
-5627
-5879
-6128
-6483
-6359
-6937
-7153
-6819
-7524
-6935
-6257
-5418
-6067
-6700
-6730
-6920
-6434
-7106
-7815
-7558
-8315
-8699
-7500
-8722
-9114
-9370
-10117
-10092
-10985
-11704
-11538
-11327
-11327
-11503
-12376
-12071
-12502
-13348
-12837
-12903
-12629
-11819
-12134
-12018
-11691
-10529
-10733
-12119
-11919
-11883
-11459
-12002
-11842
-11653
-10613
-10976
-11521
-10579
-10766
-11272
-11145
-9832
-9201
-9981
-10202
-9764
-10343
-9832
-9302
-9473
-8995
-8059
-7341
-7810
-6663
-5564
-5035
-5336
-3956
-2488
-2295
-2052
-1117
-166
-87
-359
748
1480
2460
2360
1328
590
317
1508
1422
955
675
771
1513
1207
1090
387
575
566
576
745
1139
1084
-380
282
98
-662
-1877
-987
84
-2087
-3564
-3518
-4229
-5544
-6554
-6577
-5804
-7634
-6525
-6348
-6828
-7051
-8196
-7271
-8905
-9690
-8015
-8792
-9963
-10451
-10235
-9550
-9814
-10746
-9490
-8713
-9128
-8044
-8364
-7776
-7682
-8265
-6785
-6645
-7011
-7904
-8638
-7004
-7654
-8646
-8259
-8258
-8826
-8042
-6921
-7353
-8556
-9200
-7337
-7858
-8772
-5783
-5704
-4991
-4507
-5147
-2981
-4072
-5290
-2571
-3081
-3022
-3571
-3997
-2152
-4633
-5141
-3031
-2654
-1984
-3791
-3743
-2981
-2199
-2021
-1944
-521
-553
-1241
-2351
-2289
-428
-1439
-1455
-98
265
1254
1141
2657
4037
3164
3693
3344
3716
4774
3670
4009
4365
3564
3861
3213
2136
3132
3450
2040
2417
1209
262
893
-255
-4
325
-723
389
-1843
-1032
-323
-3534
-1895
-2407
-2929
-3499
-6058
-4695
-5172
-7222
-5795
-6675
-7468
-7088
-8049
-7603
-7253
-8188
-8515
-9644
-10877
-10131
-10064
-10342
-10052
-11028
-11894
-12268
-13518
-12302
-13701
-13305
-12072
-13077
-11945
-13275
-13261
-11474
-12144
-11250
-10330
-11386
-10087
-9762
-8269
-6841
-7857
-6157
-6430
-6166
-4653
-6055
-4475
-3996
-4657
-3566
-4328
-4089
-3795
-4180
-2337
-2328
-2674
-2243
-2086
-2324
-1589
-1026
-762
550
-495
217
1214
1550
2025
1660
3571
4257
2122
2359
3728
3001
2086
2883
3480
3142
2337
2454
3105
2549
2450
2130
942
801
-312
-221
1185
299
-307
-436
-882
-1884
-3276
-1637
-441
-2897
-3203
-3002
-3047
-2871
-4138
-3756
-5194
-6503
-5390
-5638
-4990
-5560
-5728
-4787
-6105
-5142
-5625
-5974
-5621
-7446
-8006
-7459
-7161
-7652
-6925
-7872
-8915
-8518
-9209
-9918
-9104
-9884
-9223
-9716
-9152
-8646
-7836
-7875
-8813
-8822
-8202
-8207
-7930
-8278
-9816
-9693
-9447
-9159
-8948
-8357
-8237
-7977
-7014
-7315
-7694
-7696
-7217
-7453
-8629
-9489
-10434
-10681
-11792
-11855
-12714
-12710
-12613
-13396
-13544
-13607
-12992
-11990
-12681
-11862
-11024
-11352
-10594
-10914
-10636
-10029
-10055
-8408
-8429
-8138
-6867
-6930
-6035
-4973
-4843
-4127
-3623
-4095
-2820
-3733
-3604
-3164
-2906
-3498
-4206
-4047
-4258
-4649
-4999
-5011
-5088
-5190
-4757
-4908
-6050
-7096
-7908
-7528
-8581
-8162
-8559
-9331
-9719
-10824
-11993
-12709
-13044
-13571
-13901
-12731
-13034
-13694
-12975
-12716
-11915
-12554
-12557
-11431
-12283
-11780
-11318
-12214
-10909
-10768
-10871
-9490
-9248
-8996
-7891
-6879
-6043
-6452
-5216
-3413
-3681
-3296
-3391
-3248
-3714
-3481
-2612
-1775
-2564
-2823
-2502
-2210
-1515
-1126
-903
54
-181
-837
-536
-1453
-643
-754
-1691
-1280
-1937
-2644
-3026
-2381
-3530
-4438
-4714
-4219
-3285
-3370
-3111
-4525
-4493
-3885
-3392
-3097
-3224
-2522
-2305
-1069
-283
-691
-157
-484
1067
907
-150
1060
-165
338
973
269
1710
2025
1382
2277
1392
1675
1857
2206
2698
2374
1637
433
-334
-116
1096
371
-81
1
-892
-324
-820
-1364
-1438
-3027
-2131
-3084
-2798
-2227
-1497
-1004
-955
-1033
-340
342
36
499
923
460
569
736
1127
1795
2175
2436
3128
3164
4499
5853
4488
5642
5089
5001
5411
4508
4710
5141
5804
6977
6531
8167
8564
8163
8997
9630
9865
10012
10473
10184
10462
9744
8910
8957
9188
9597
9601
9922
9718
10326
10608
10921
11327
10545
9923
10925
10750
10599
11511
11607
11627
10792
10884
11307
10394
10241
10221
11465
12804
12329
12472
12663
11546
12150
12939
11438
11949
12205
11985
12987
12688
12643
13535
11946
12854
12795
11351
12652
12100
11073
10909
10767
10984
10950
10791
11655
12044
11848
12884
13539
13866
13447
15082
15344
15032
16655
17156
15143
16806
17554
17087
18935
18880
18040
19520
18893
18180
19761
19498
20737
20690
20563
20871
20933
20854
21757
20622
20373
20818
20476
20777
20680
20184
19065
18915
18078
16458
16320
15617
15757
16586
16207
15166
14931
14628
14153
14526
14094
14262
14646
14476
14060
13527
14954
15085
14364
16147
16548
18849
19358
19603
21466
19528
22065
22384
21845
24923
24985
24815
25790
25309
26983
27614
28383
28858
27617
27900
26724
26632
27872
26367
26779
26458
24012
24406
23184
21775
22914
21089
20135
21805
19919
18729
20600
19110
18147
18115
16669
18679
17818
17573
19983
17517
18054
19515
18094
19564
19156
18398
19419
17503
17959
17233
15424
17926
16162
16038
18146
15605
16997
17570
16686
19018
17194
16280
17674
15908
17007
17710
15503
16941
15101
15508
17185
15269
17463
17501
14773
16613
15276
14710
16498
13433
15274
14796
13145
15149
14301
13890
15548
13229
14969
15494
14197
16197
15875
14458
16076
14529
15746
18025
14699
16123
16834
14958
16233
15931
15381
16356
14491
14631
13570
12671
13278
11727
11413
10832
9051
10798
10266
7573
8807
8816
7590
7629
6006
6351
7594
4109
4954
5098
3254
4181
5113
5456
4240
5473
6315
5879
4717
6037
7256
5931
5661
5676
6389
4890
4587
6425
7124
4655
5648
6249
5059
4620
4805
5942
4200
2575
2738
2606
1651
1703
634
348
-389
-2002
-444
-114
-3309
-2470
-455
-973
-1433
-2044
-1912
-1119
-3225
-2353
-292
-1126
-2868
-1367
705
740
-520
-75
1868
-61
-1590
153
298
-1089
-2507
-1319
224
-2517
-4999
-4532
-4812
-7582
-8644
-7413
-6941
-8342
-9675
-8431
-8820
-9956
-10946
-9964
-9874
-11065
-10759
-9272
-9337
-9848
-8576
-7097
-7292
-6699
-4598
-4420
-4814
-4863
-4045
-4430
-5407
-5624
-5548
-6043
-6211
-6378
-6367
-7552
-7842
-6769
-7521
-8540
-7027
-6793
-7324
-9106
-8275
-7330
-9057
-7924
-5569
-8013
-8524
-5808
-4563
-6786
-6398
-2788
-3777
-5459
-3893
-4155
-5425
-5138
-5413
-6291
-7059
-5358
-5771
-7391
-4499
-4346
-7520
-7312
-4604
-7320
-8952
-6565
-7689
-8461
-8054
-7907
-9465
-9068
-8418
-10174
-10267
-9820
-10618
-9996
-10922
-12403
-9921
-10858
-11149
-8292
-10077
-11083
-8933
-9010
-8852
-8618
-10262
-10093
-9957
-9445
-8335
-9499
-9519
-8436
-7348
-9009
-7858
-5361
-7018
-6138
-3978
-4951
-4075
-3888
-4027
-2351
-4045
-2972
-1234
-3611
-3079
-1750
-2286
-1402
-1544
-2688
-3345
-2797
-4440
-4486
-3486
-6243
-5303
-3536
-8787
-8702
-4956
-9961
-9901
-6510
-10484
-9729
-6768
-11204
-9744
-6449
-9285
-10666
-7767
-9025
-10777
-7607
-8412
-9931
-5845
-6700
-9048
-4442
-5921
-6659
-3733
-6475
-6787
-3818
-5107
-5543
-2359
-3617
-2778
-1496
-3229
-3472
-2175
-2714
-3496
-488
-1836
-4894
-3755
-3727
-5007
-3745
-3778
-4273
-2389
-2856
-2783
-780
-2157
-2707
-532
388
-1089
-58
1601
1320
2767
3933
2750
4266
6222
4883
6332
7708
6836
5827
5701
7301
5377
3556
6005
5411
2703
3775
5237
4906
3663
3456
6205
4598
3423
5541
5383
3278
1372
2308
2883
848
557
1598
-745
-599
2109
-103
-690
129
-676
-1697
-2355
-338
-1220
-4711
-2553
-218
-3793
-3934
-662
-1949
-4439
-3131
-570
-2458
-3964
-279
1199
-1620
-1133
2288
1760
-1319
2208
5906
2599
2570
7442
3932
2665
7273
5999
3742
5817
6328
4375
4492
6811
7305
5144
5717
7804
5571
4687
7822
7519
5175
5556
8222
4664
4652
8157
5460
4296
7836
6316
3797
5549
4525
2933
4134
4155
2684
2068
3009
2526
2430
2757
3421
3660
3634
3779
2873
3249
3934
2923
2262
3016
2148
603
2860
3737
1290
1965
3195
1264
1259
3358
3141
2430
3751
3777
2995
2397
3603
5453
3021
2049
4221
2782
508
2797
3815
875
1682
3247
770
-282
764
529
877
1661
318
111
-646
-1135
-1486
-2159
-1848
-1097
-1415
-1395
-1050
-1925
-2226
0
720
-1878
-468
-351
-554
1170
404
249
966
-266
592
1987
550
38
1652
1638
2364
2696
1117
2069
4033
1986
842
3371
2689
710
2791
1972
349
2117
1216
1837
2726
955
1115
2224
-126
1089
3025
-1237
-1363
132
-2769
-4416
-1976
-3387
-5395
-3008
-3164
-4777
-4265
-3673
-2528
-3503
-4396
-2210
-2198
-3852
-2490
-350
-1912
-1004
1177
-1396
-645
1385
-606
325
1791
171
1219
2419
-520
1119
2691
-1055
151
2296
-903
-408
1931
-721
-240
1581
-327
-530
102
-1755
-411
41
-1810
1403
1186
-3929
-2360
1334
-4451
-5364
-1457
-5289
-7533
-4496
-5698
-6953
-4299
-6675
-7285
-5627
-7162
-6703
-5404
-8194
-6497
-4278
-6900
-6775
-4063
-6593
-7778
-5306
-6427
-7236
-4490
-5989
-6891
-4337
-6388
-6646
-5320
-6059
-6775
-4753
-6754
-6778
-4134
-6753
-6953
-3008
-4211
-5997
-3629
-3362
-4097
-2411
-2659
-3004
-1538
-2958
-2446
-1965
-3361
-3162
-1091
-2459
-4248
-1369
-1152
-3656
-2892
-2158
-3547
-3217
-2429
-1765
-2428
-2065
-108
276
-208
1796
2677
335
974
3713
2449
1631
4618
4907
2321
4785
7637
4799
3764
5150
5625
3845
3777
3056
3279
3771
3023
2868
2543
2117
1717
2138
1665
1599
1888
2020
1285
261
-555
-1298
-773
-1017
-1574
-2617
-3169
-2919
-2487
-2846
-3777
-2793
-3879
-3987
-4386
-4979
-4731
-6350
-7201
-7795
-7733
-7761
-7865
-8266
-8689
-8132
-7496
-7164
-7398
-8171
-8593
-8187
-8451
-8253
-7571
-7098
-7579
-7410
-7024
-6380
-5362
-5450
-5086
-4034
-2908
-1725
-240
-505
-1418
957
1177
756
1964
3001
1166
3357
5240
3341
3499
5824
5054
3277
3513
4110
4271
2747
2201
4558
2848
197
1508
2974
1183
1613
3624
1838
708
3718
3572
-189
1187
2944
531
-2035
-841
631
-693
-2797
-1339
-813
-4476
-3251
-108
-2195
-4747
-2803
-1574
-3414
-4477
-2479
-846
-4807
-5272
-1595
-3542
-7253
-3638
-1849
-6978
-6169
-1822
-4698
-6441
-2438
-1919
-6218
-4721
-1875
-3355
-5696
-2685
-345
-3972
-4677
310
-728
-5375
-2870
-396
-3353
-2027
1175
-538
-1085
1376
805
-1338
-211
162
-1367
-458
1293
1139
1016
421
2690
1677
-54
1543
3338
3275
2423
4324
5430
3717
4073
4744
5098
2649
2780
4746
2378
2627
5132
5279
4183
5936
6985
6626
6406
7317
8612
7428
6215
7428
7483
6197
6168
5307
3618
4283
4329
4129
4504
5193
3139
945
2727
1962
1944
1094
970
2420
1099
-31
1961
1571
672
1492
3994
3792
3594
3304
2542
4436
3551
3081
2938
2462
1906
3193
4269
2563
3642
5166
4197
3889
5843
5276
2894
3302
2731
2325
2172
3356
3113
1420
1656
2473
2772
1927
2983
2991
1596
1144
2628
910
-704
606
-1301
-2744
-2858
-4157
-3222
-2903
-5111
-5765
-5148
-5626
-7208
-6076
-6456
-7271
-6349
-6257
-8137
-6219
-6184
-7902
-5472
-4904
-6098
-5846
-5647
-6490
-5613
-5444
-5642
-5372
-5115
-5267
-5160
-4939
-4767
-4160
-4293
-4266
-2146
-1837
-3926
-1976
261
-1281
-411
659
-799
-787
550
-27
-907
-204
-173
248
-72
-439
320
827
256
1098
3057
1476
1075
3057
2488
1045
1942
3311
1510
1013
1480
2389
2995
3208
4432
4927
4322
4242
3425
1744
2784
4282
2634
873
2766
1783
-1067
-1390
569
1069
-488
15
2873
1441
-1089
556
1732
412
266
1359
623
-979
2
-88
-365
-416
235
-481
-1532
-1601
-1915
-2718
-3758
-1885
-2019
-2871
-3488
-3478
-3301
-2904
-1818
-2940
-4528
-4496
-4346
-5899
-6576
-7112
-7018
-7581
-8910
-7323
-6468
-7164
-7257
-5825
-4596
-4633
-4392
-4947
-4555
-4403
-6061
-6667
-6136
-6706
-5985
-5091
-5037
-4428
-4331
-4010
-4156
-3987
-4384
-3948
-2395
-2320
-1810
-413
-1030
-2818
-2344
-1454
-1995
-2651
-1857
-2289
-3485
-3833
-2634
-3110
-3302
-2620
-2028
-2041
-1726
-290
-2282
-2660
-1557
-1086
-2639
-1351
-1033
-1585
-792
-248
-859
-1587
-263
-259
-876
-490
-125
-750
-1739
-3347
-2919
-2861
-3881
-4112
-4353
-4125
-5214
-4969
-5538
-5112
-4234
-4298
-3433
-3103
-3950
-4380
-3481
-4723
-6180
-4355
-3924
-4177
-5099
-4049
-4590
-5733
-5341
-5354
-6214
-7545
-7285
-6807
-8371
-9509
-10261
-10135
-10575
-10699
-12445
-12263
-11543
-12394
-12004
-11864
-10682
-10918
-10332
-8647
-9249
-10608
-9831
-8864
-10080
-10131
-8796
-6977
-7406
-7653
-7107
-6973
-5714
-6713
-6588
-5036
-5179
-5958
-6805
-6753
-5809
-5884
-6936
-5103
-4148
-5519
-5752
-5231
-4151
-6272
-6139
-6660
-7042
-6283
-6694
-4958
-5670
-5041
-5620
-5773
-5228
-5911
-5212
-5462
-5368
-5676
-5021
-4127
-5464
-4853
-2942
-3160
-3763
-3850
-3357
-4196
-4114
-4001
-3870
-2846
-2449
-2568
-1570
-318
404
-949
-850
-290
-752
-832
-622
-560
-1537
-1049
-263
-1655
-1904
-1721
-2272
-2720
-2706
-2671
-2435
-2208
-2352
-3247
-5002
-5811
-6341
-7948
-8040
-8044
-8593
-9839
-11687
-11922
-13119
-12799
-12453
-13581
-14156
-14371
-14779
-15660
-15279
-15441
-16624
-17480
-18755
-18674
-18680
-19275
-18517
-17475
-17775
-17782
-15509
-15422
-15484
-14451
-14335
-14640
-14432
-13301
-13541
-12936
-11579
-11872
-11029
-10276
-9689
-9096
-7831
-6504
-6459
-5501
-4641
-3548
-2266
-1520
-468
-418
-765
-624
566
83
-31
421
-213
224
730
233
-140
1258
1071
1608
2099
483
28
102
127
-1386
-1012
507
608
-442
-632
-213
-1730
-1907
-1264
-1991
-2914
-3770
-3776
-4016
-4555
-5027
-5114
-5679
-6753
-6667
-7258
-6750
-7567
-6707
-6548
-8530
-8104
-8911
-8869
-10637
-10655
-10539
-10574
-10266
-10445
-10161
-11157
-9609
-10207
-11185
-11169
-11605
-11882
-12857
-12146
-12234
-12844
-11737
-10518
-9453
-9768
-8403
-6883
-7454
-7307
-6313
-5695
-6769
-6499
-5853
-6215
-5752
-5190
-3993
-4567
-4981
-5030
-4367
-3612
-3366
-2778
-1369
-1964
-1979
-1793
-1226
-142
143
-437
502
2101
689
952
2464
1993
195
1536
3367
1516
2074
2660
2245
1388
1811
3028
1088
1985
2504
2570
689
1494
1568
533
875
469
-284
-1151
-819
-1939
-1301
-662
-1239
-1545
-1582
-1164
-1159
-547
-1323
-66
-41
289
562
761
2322
1559
2701
3171
2644
2511
2694
2155
2347
2145
2236
3443
2954
3099
3141
4215
4123
5006
4613
5129
5985
4856
4258
4088
4024
3159
2293
1554
1554
1042
1625
2149
526
-673
-2236
-3009
-3523
-4871
-4879
-4872
-5959
-6269
-6538
-7037
-7279
-7046
-6512
-5801
-5210
-5758
-5651
-5038
-4260
-5090
-4434
-3617
-4337
-3818
-3144
-3134
-2803
-2328
-2013
-1722
-923
-675
-107
-155
-1033
-697
686
1793
2239
2546
3059
3180
3294
4263
4408
4775
4711
4797
4522
4012
4469
4198
3503
4094
4798
4578
5837
6816
6704
6328
7768
7114
6903
7326
7149
7119
7129
8172
6817
7516
7596
6905
7019
7061
7124
6211
6498
6158
7372
8602
8003
7529
9403
8254
8143
9578
9508
10506
10464
10171
9721
10825
10005
8591
9423
8109
7157
7426
7377
6127
5895
6147
5709
6126
6236
5293
5627
4910
4001
4110
3341
2469
2068
1612
675
872
835
-376
-900
-579
-1213
-777
-235
-1942
-1826
-2214
-1605
-975
-369
-790
-1089
21
-677
288
1330
981
553
1875
2549
2017
3558
3225
3841
5735
5904
6432
8386
8757
7842
8491
9513
8438
9109
11579
10287
10379
11044
10986
10595
11846
12746
12622
13659
14082
14582
15955
15831
15952
17198
16728
14603
16038
17191
15468
16247
17968
16878
15908
18045
17091
16247
16716
15459
14596
15535
15237
13611
13316
12507
11431
11232
10470
9186
10317
9457
8322
8405
7507
6292
7784
8904
7844
8230
8766
7786
7048
7632
8531
8423
9094
9097
8262
10106
10899
10704
11104
12832
12189
12123
13793
13692
13935
14879
14282
13013
13907
13190
11309
10657
10057
10553
11630
10472
8169
8165
7625
6388
5622
4389
4255
4539
5971
5969
4475
4966
6658
5015
5144
6581
6536
6928
8228
7360
7472
9204
7364
7415
7698
7012
6278
7626
7989
6105
7994
8458
7538
8053
9247
8408
9639
10949
10287
11548
13800
13444
13408
14482
15050
13853
14088
14282
13475
12924
13818
13731
11948
12606
13719
12681
13159
14792
13604
12050
12884
14733
13115
13481
15342
13140
13297
16496
16064
14556
16429
16940
15615
16631
16738
14682
15204
15850
13937
12095
12519
11942
9619
8740
8986
7685
7089
6837
6408
4902
4207
4192
4174
2812
2552
2708
2624
3582
3363
2673
1516
2311
2824
2309
2792
3412
3897
5124
5814
5398
6625
8692
8023
7347
9646
9860
9544
9874
11005
9763
10599
11911
10339
10920
10556
10159
10072
11717
12440
12059
12418
12208
12304
12960
13105
11778
11625
11709
11040
11252
9535
8687
8270
7637
7645
7146
5955
5211
5752
4776
3723
3988
4298
2845
4647
5912
5366
5422
5764
5570
6232
8118
6790
6033
7354
6271
6467
7223
5940
5834
6470
5763
4911
5912
6650
6925
8117
9014
8799
8932
8045
7529
8601
8746
7746
8917
9794
8135
9468
9842
8474
8509
9142
8313
6674
7406
7458
6101
6793
7526
6946
6218
7231
7656
7734
7526
6859
6855
7216
7090
6947
6807
6610
6102
6071
6114
5597
5697
5553
6127
5788
7227
7765
6461
6729
6713
7265
6675
6945
7748
8567
8618
8952
8805
9120
10621
10403
10259
10743
11911
12711
12461
12746
12667
12501
12347
12729
12334
11829
12146
12381
11244
9704
10583
9981
8440
8849
8726
7319
6628
6884
5707
5431
6149
5283
5078
4619
3861
3576
4562
4951
4588
4767
5696
5220
5236
5653
6001
5700
5483
4593
4523
3976
2158
2069
2699
2233
2074
3131
2691
2735
2883
3257
2520
2971
3667
3055
3039
3232
2440
3545
4401
3192
2553
2786
3193
3404
4172
3519
2451
3233
4248
3822
3018
2983
2316
1882
2341
1618
2160
3019
2798
3696
3661
3259
4906
5962
5788
5529
5217
5241
4884
4427
4478
3730
3174
3409
3273
3101
2788
2966
2971
2665
3449
3562
4048
4520
4025
3430
2846
2650
2181
2016
974
1214
1011
-196
-203
-435
-1336
-2170
-2571
-1717
-2732
-3728
-3495
-3913
-4275
-5406
-5191
-6351
-6768
-6810
-7199
-7145
-6914
-6264
-6523
-6667
-7321
-7221
-7311
-8376
-8499
-8335
-8070
-7385
-7492
-6965
-6802
-6139
-5453
-5070
-4824
-4635
-4915
-5139
-4888
-5089
-5062
-4829
-5179
-5934
-5761
-5933
-6355
-5757
-5124
-5197
-5098
-4613
-4918
-5224
-4812
-4955
-5637
-6147
-6268
-5898
-6841
-7099
-6845
-6448
-6446
-6393
-5531
-4867
-5174
-5147
-5628
-5896
-5459
-5106
-4811
-4759
-4959
-5443
-4604
-4197
-4252
-4999
-5001
-6119
-7446
-7188
-8158
-8643
-8669
-8461
-9230
-9495
-9445
-9301
-9104
-8319
-8620
-8783
-8668
-7987
-7704
-8523
-9165
-8847
-8898
-10166
-10986
-11819
-12266
-13080
-13413
-13977
-13858
-13753
-13230
-12347
-12502
-12929
-13670
-13822
-13755
-14030
-14309
-14918
-15559
-15545
-14944
-14078
-14737
-13242
-12588
-12368
-11590
-11507
-11788
-11406
-9859
-9489
-9451
-9412
-9262
-10019
-10083
-9333
-9510
-10302
-10810
-10461
-10444
-11272
-11597
-11851
-11202
-10416
-10173
-10134
-10066
-10970
-11055
-10500
-10121
-10255
-10499
-10408
-10875
-10543
-10274
-10232
-10239
-10011
-9286
-9468
-9094
-8331
-7404
-6626
-6058
-5374
-4649
-3966
-3152
-2174
-1730
-416
565
988
2194
2482
3651
4161
3976
4293
3874
3645
3204
3637
3254
2417
1790
1299
1143
1595
1655
1210
672
-472
-1279
-1142
-626
-571
-266
-703
-1033
-845
-787
-490
-902
-1907
-1735
-1503
-1950
-2674
-2871
-2375
-2677
-2746
-2904
-3338
-3608
-3708
-4046
-3529
-3295
-3915
-3990
-4016
-4112
-3884
-3733
-2836
-2214
-2559
-1591
-222
286
-259
719
1881
2405
2874
2566
2571
2455
2061
1115
663
-8
-226
-1180
-1697
-1917
-2976
-3724
-4145
-4668
-4954
-4702
-5018
-4734
-4233
-5101
-6000
-5956
-6272
-6575
-7662
-7072
-7601
-7571
-6813
-6205
-4558
-4426
-4419
-3623
-3358
-3292
-2383
-1752
-2516
-1990
-2389
-2811
-2380
-1794
-1779
-2510
-2819
-2899
-2652
-2582
-2133
-2538
-2115
-2274
-1508
-971
-1039
-433
608
280
197
831
743
980
947
1657
517
169
63
566
-177
-878
-1144
-1868
-3305
-4179
-4001
-4513
-5140
-5039
-5497
-5408
-5894
-6494
-5728
-6471
-6758
-6797
-5911
-6731
-6993
-6164
-5940
-6124
-6202
-5928
-6403
-6773
-6101
-6008
-6662
-6345
-5679
-5784
-5613
-4298
-3504
-2608
-2551
-1776
-1585
-1632
-2219
-1859
-1237
-1292
-2071
-2476
-2295
-1887
-2088
-3371
-3311
-3292
-3523
-3492
-3385
-3767
-3954
-4517
-5212
-5796
-6514
-7604
-8546
-9407
-9482
-9912
-9950
-9933
-9306
-9849
-10067
-10249
-10104
-9101
-8734
-8393
-7765
-6696
-6096
-5304
-5183
-5758
-5133
-4605
-4550
-4116
-3873
-2865
-1994
-1268
-223
279
829
1394
2783
3299
4153
4738
6031
7073
7886
8833
9598
9852
10370
11042
10834
10601
10213
10355
10165
10083
10283
9718
9130
7959
7991
7314
5945
5437
4480
4149
3258
2082
630
539
536
91
296
-140
-81
-197
134
-39
-528
-1371
-2001
-2112
-1666
-1323
-1680
-2135
-1379
-1288
-1165
-1270
-1779
-2072
-1476
-393
-110
-1
-48
10
-239
-509
-430
-592
-765
-666
-1091
-712
-868
-161
77
-729
-678
-960
-1670
-1206
-688
-675
-178
581
1353
1524
1787
1997
3082
3350
2947
3214
3698
4278
4216
3882
3409
3830
3865
3284
2517
2277
2623
2343
2786
2744
2189
2943
2695
2757
2955
3046
3292
3533
4088
3805
3837
4365
4260
4314
5086
5301
5466
5985
5767
5652
6314
6036
6391
6283
5727
5854
6363
6305
6486
6385
5718
5182
4673
4026
2996
1682
580
124
-664
-1667
-2682
-2462
-2831
-3503
-3919
-4248
-4796
-6114
-7131
-7188
-6979
-7328
-7333
-7129
-7815
-8347
-8460
-8365
-8301
-7822
-8154
-7499
-7250
-7154
-6247
-6552
-5479
-4568
-4367
-3891
-3792
-3924
-3260
-2441
-1930
-1342
-804
-284
-159
-66
344
467
759
1457
2860
3198
2864
3687
3636
3397
3609
3027
2125
1644
1532
643
-97
-698
-1456
-2239
-2676
-3266
-3410
-3857
-4712
-4801
-5410
-5469
-5653
-6586
-6705
-6527
-6367
-7223
-7183
-6833
-6869
-6638
-7057
-6460
-6331
-6139
-5839
-4753
-4038
-4050
-3612
-3847
-3674
-4095
-4461
-4487
-4811
-5447
-5892
-6177
-6676
-6770
-6840
-7055
-7376
-6796
-6130
-6748
-6013
-5855
-5584
-5578
-5252
-4901
-4992
-3899
-3540
-2686
-2141
-2015
-1699
-2243
-2264
-2047
-760
-708
-1117
-805
-1413
-534
-1018
-1610
-1634
-2128
-1664
-1918
-2389
-2497
-2446
-2311
-3102
-3483
-3478
-4022
-4630
-5161
-5116
-5496
-6909
-8294
-8781
-9160
-9279
-8807
-7898
-7601
-7663
-7643
-6780
-7129
-6604
-6227
-6309
-6495
-6640
-6115
-5706
-5556
-4835
-4985
-4726
-4924
-5106
-4981
-4821
-4565
-5427
-6375
-7100
-7158
-7199
-6901
-6322
-6803
-6908
-6362
-6179
-5801
-5257
-4271
-4015
-4103
-3194
-2315
-2448
-2377
-2190
-2231
-2441
-1800
-909
-981
-821
-643
-363
-228
-148
-567
-965
-740
-93
-13
-488
-611
292
-128
-425
-376
-835
-1469
-1816
-3067
-3976
-4836
-5468
-5422
-5988
-6344
-6701
-7632
-8010
-8197
-8225
-8407
-8106
-7868
-7938
-7974
-6999
-6308
-6441
-6016
-5846
-5676
-5297
-5431
-5266
-4807
-4114
-3595
-2760
-3023
-3414
-3425
-3184
-2791
-2932
-3643
-3718
-3875
-4591
-4977
-5469
-6300
-6559
-6923
-7501
-7214
-6891
-6735
-6664
-7195
-7541
-8027
-8038
-7526
-8098
-8347
-9008
-9682
-10054
-9916
-8988
-8746
-7765
-7728
-7299
-6963
-6611
-5863
-6241
-5802
-6101
-6224
-6018
-5895
-5138
-4381
-3806
-4106
-3802
-3774
-4053
-4640
-4698
-4742
-4938
-5469
-5745
-5862
-6877
-7102
-7115
-7477
-6892
-7012
-7034
-7649
-7557
-6971
-7202
-7125
-7134
-6995
-6764
-6342
-6115
-6241
-6163
-6279
-6059
-5281
-4665
-3884
-3164
-2403
-1991
-2086
-2420
-2458
-2164
-2063
-2297
-3038
-3568
-3937
-4019
-4760
-5181
-5614
-6210
-6538
-7255
-8034
-8490
-8484
-8826
-9163
-9363
-9124
-9036
-8894
-8275
-8299
-8287
-8053
-7467
-7435
-8047
-7996
-8087
-6953
-6548
-6016
-5295
-5413
-5089
-4591
-3427
-4007
-4549
-4232
-4418
-4759
-4758
-4240
-5146
-4947
-4664
-4377
-4373
-4746
-4842
-5532
-5857
-6336
-5709
-5417
-6089
-6497
-6538
-6411
-6391
-6959
-7118
-8003
-8289
-8496
-8618
-8744
-8934
-8482
-7197
-6656
-6066
-5499
-5298
-4849
-4847
-3972
-3434
-3390
-3500
-2971
-2930
-3322
-3266
-3911
-4067
-4183
-4270
-4266
-3674
-3829
-4119
-4623
-4838
-4916
-4965
-5269
-5342
-5665
-6630
-7777
-8453
-9057
-10056
-10193
-10752
-10706
-10943
-11417
-11189
-10741
-10048
-9421
-8581
-8324
-7620
-6500
-5476
-4208
-4051
-3787
-3014
-2149
-1805
-1874
-1776
-1543
-1776
-1252
-655
-410
-112
230
331
1375
1601
1958
1936
2236
2011
1899
2805
2738
2483
2097
2089
1978
1534
833
796
91
-41
-542
-1694
-1834
-2123
-2973
-4445
-4894
-5173
-5794
-5348
-4840
-5747
-6473
-7178
-8172
-8179
-8463
-9126
-9820
-10153
-9954
-10648
-10625
-9927
-9005
-8805
-8190
-6964
-5831
-5075
-4917
-3538
-3027
-2859
-2486
-2158
-1836
-1751
-1303
-932
-223
674
522
1309
2493
2790
3374
4090
4767
5490
6265
6718
6592
6570
7565
7700
6993
7171
7322
7818
8545
8379
8266
7561
7155
7367
7044
7116
7180
6870
6928
6859
6699
6760
6305
6366
6817
6418
6070
6091
6338
6360
5904
5803
5721
5449
5438
5754
6163
6104
5992
5506
5720
5305
4682
4138
3503
3519
3595
3393
3070
3157
3493
3506
3402
3337
3130
3295
3650
3458
2949
2701
2568
2436
1848
1810
1454
1973
2789
2875
3143
3212
3564
3889
3995
3578
3152
2792
2951
2509
2069
2183
1664
1300
449
34
-165
-232
-782
-259
439
351
551
957
1301
2090
2803
2922
3335
3383
3694
4277
4773
5440
5731
5073
5130
5550
6106
5758
4912
5248
4841
4367
4281
3758
3166
2657
2198
1664
2435
2294
2817
2597
2330
2839
2723
2858
2621
2814
2269
2231
2858
2907
3249
3231
2583
2534
3094
3388
3106
2309
2374
2451
2345
2359
2915
3313
2827
3093
3322
3414
3114
2354
1889
1627
1144
1440
2020
1582
1541
1591
2167
2461
3130
3574
4049
4586
4929
5845
6294
6329
7202
8169
8843
8954
9238
9892
9848
9915
10575
10931
10914
10878
10477
10831
11040
10907
10868
10604
10164
9602
8977
9352
8943
8706
8844
8891
9290
8758
8676
8887
8249
8108
8051
7957
7296
6661
6271
5828
5706
5671
5692
5621
6032
5878
5457
5343
5950
6604
7216
7308
7243
7305
7803
8743
8686
9093
9738
8982
8279
7898
7788
8006
8107
8108
8042
7636
7543
8107
8610
8638
8843
8943
8739
9002
9305
9208
9301
8937
9150
9711
10060
10573
10542
10923
11052
11277
11561
11684
11039
11058
11484
11975
11803
11765
12062
11862
11799
11711
11688
11926
11408
10602
9417
8883
8666
7976
6944
6118
5803
5536
5603
4710
5393
5389
4417
4344
4162
4696
5106
5875
5020
5064
4847
4111
3791
3142
3341
3035
3253
3727
3964
4482
5573
6054
5998
6514
7463
6909
5763
6359
6831
7259
7737
7886
8661
8894
9546
10207
10593
11155
11439
11805
11543
11944
12694
12398
12528
12607
11857
11202
10819
10305
10558
10044
9016
8369
8462
8013
7973
8049
7818
8197
8369
8288
8014
7123
6288
5773
4786
4200
4051
3246
2718
2327
2380
1788
1837
2499
2585
2514
2536
2926
3311
3224
3569
3889
4295
4313
4193
3946
4609
5819
5416
5301
4978
5583
5363
4775
4763
4484
4035
4156
4142
4880
5207
5089
5700
6188
6118
5453
5158
5052
5505
6207
6358
5913
6300
6607
7147
7584
7842
8014
7690
7721
7914
7598
7313
7069
6514
6414
6328
6510
5753
5123
4773
4162
3926
3971
3898
4109
3841
3178
3166
2664
2519
2725
2105
1781
1334
666
782
288
-232
193
407
1003
920
1274
620
-305
-404
-470
-934
-1329
-1565
-2111
-1943
-2327
-2791
-3487
-3835
-4662
-5014
-5249
-5268
-5234
-5595
-5959
-6182
-5563
-5898
-6030
-5842
-6241
-6202
-6507
-6614
-6857
-6790
-6502
-6844
-6654
-6290
-6107
-5791
-5817
-6173
-6468
-6066
-6238
-5186
-4212
-4552
-4585
-4197
-4409
-4664
-4704
-4575
-4267
-4285
-3820
-3869
-3528
-2774
-1934
-1401
-174
702
1419
1763
1993
3066
3094
2829
2907
2343
1889
1720
1363
1291
363
-580
-1029
-1117
-1281
-1810
-1884
-2434
-3345
-3539
-3940
-4486
-5011
-5419
-6135
-6623
-6698
-7199
-8211
-9040
-10129
-11093
-11464
-12008
-12173
-12303
-12520
-12840
-13137
-13201
-13462
-13685
-13704
-13737
-13998
-13969
-14061
-13637
-13316
-13165
-12115
-11417
-11118
-11029
-11022
-11009
-10683
-10798
-10776
-10627
-10686
-10630
-10352
-9929
-10124
-10435
-10684
-10197
-10341
-10323
-10125
-9899
-9907
-10405
-10761
-10707
-10520
-10672
-11594
-12564
-12631
-12510
-12215
-12474
-12965
-13133
-13360
-13180
-13345
-13159
-13415
-13871
-14300
-14317
-14421
-15031
-14413
-14172
-14060
-14081
-14188
-14114
-14383
-15017
-15259
-14612
-13646
-13172
-12895
-12201
-11333
-11323
-11142
-10941
-9878
-9685
-9596
-8843
-8871
-8078
-7184
-6958
-6476
-6180
-5816
-4955
-5222
-5376
-5513
-5019
-4882
-5188
-5533
-5861
-6353
-7403
-7975
-7826
-8091
-8256
-7863
-7905
-7881
-7824
-8652
-8841
-8914
-8759
-8907
-9698
-9663
-9797
-10133
-9324
-8313
-7882
-7580
-8103
-8300
-8329
-7961
-7781
-7445
-7924
-8001
-7745
-7779
-7883
-7512
-6993
-7216
-7028
-7032
-7016
-6452
-6160
-5841
-5101
-5236
-5261
-5305
-5274
-5681
-5904
-5695
-6305
-6767
-7051
-7695
-7673
-7305
-7323
-7382
-7859
-7657
-7744
-7742
-7830
-7776
-7457
-6934
-7115
-8191
-8536
-8128
-8139
-8798
-9343
-9967
-10958
-10410
-9653
-10216
-10075
-9922
-9799
-9554
-8506
-7737
-6714
-5007
-3576
-3338
-3058
-2235
-1529
-1577
-1735
-836
-1631
-1817
-1944
-1481
-1440
-1121
364
842
795
1814
2910
2722
3297
3747
2868
2645
2335
2475
2859
2440
2785
2465
2549
2284
2430
3370
2676
1742
1954
2063
1394
2082
2062
1754
1439
986
1630
1404
2025
2995
2802
2846
2684
2404
2350
2024
1303
1848
1773
1701
1558
1350
2523
2356
2408
3107
3424
3778
3376
2873
3190
3404
3456
3829
4525
4199
4678
4513
4486
4435
4769
4554
4636
5303
5636
5640
5394
4538
3941
3410
2643
2340
1572
1294
1438
807
113
-108
-534
-514
-277
-565
-835
-440
86
338
172
301
-41
-832
-863
-617
-855
-1196
-774
-326
-32
494
1029
1604
2570
3688
3414
3711
4453
5223
5708
5750
5649
5440
5469
5968
5585
4692
4064
4219
3580
3336
2943
2657
2744
2485
2541
2113
1650
2158
2757
3406
3336
4174
4679
4444
