-5180
-5278
-3024
-1511
-967
-62
-1743
-1082
-579
1065
3393
2518
-1653
-3985
-1737
-3460
-5055
-4551
-3897
-425
2280
2109
3183
-572
-229
294
-1751
1417
-1564
-1495
-229
1862
7022
8039
1812
-5566
-8255
-765
4119
2689
2601
2728
3471
3484
-345
-4216
-4798
-4758
-4445
-3329
-3616
-3449
-2331
-1737
1302
2674
-281
-820
144
-1555
-683
-587
-1785
-1987
-1706
-630
1674
558
-2862
-3255
204
805
511
-2203
-443
-1112
1728
141
-2807
-499
-2627
-1714
1947
1617
-356
76
-2209
2350
5031
2601
-123
-1611
-1725
-1187
-1320
-3324
-526
-1727
-3035
-853
237
2001
2135
1369
3225
2093
3373
-1434
-3736
-2312
-2522
2541
2767
6459
1902
-49
-83
-1325
-465
-1100
-4041
-6898
-7642
-3398
-2453
-1465
-837
2319
3226
1751
0
-623
-1079
910
2292
3493
2441
630
3331
2790
1
-1188
-1950
-963
-2214
-4337
-6855
-7082
-1
2465
941
-1784
1865
4239
1673
-1450
1404
4923
3716
472
-4626
-6249
-3936
-3314
-873
-3156
-7248
-5776
-2861
-3514
-3543
-2195
-2590
-800
2942
1559
1603
1921
1155
3347
4285
3863
3233
3644
314
1114
717
-2732
-1920
-1554
-397
904
1086
1997
3361
2313
3708
5099
1968
-692
-842
-299
-51
1731
3555
-251
-1263
1007
1128
1473
4104
5395
2581
-878
-579
840
178
806
4937
3332
823
300
1249
1175
-3934
-6060
-4526
-2664
-469
475
-5279
-7624
-4486
1044
5293
293
-981
-212
755
-936
-4034
-5952
-5565
-4858
-4243
-1361
-1452
-854
-3593
-5406
-642
4324
4750
-2925
-7083
-3622
-3581
-4266
-2430
-6379
-9511
-6688
-1413
1513
3024
4978
4697
2161
488
-3297
-1711
540
-549
1613
896
-676
3111
5622
3168
4130
3881
401
538
3649
3959
1222
1192
3123
4240
5010
4066
4634
3104
-651
-1412
-2908
-3192
-3912
805
1878
-3106
-4427
-4597
-4114
-1431
517
-3556
-1442
-1055
1399
4012
2137
2679
1693
-2399
-4538
-2130
-1769
1804
887
2768
3642
1830
2296
5443
5053
532
-1975
-2198
3814
6965
7223
4423
2808
4430
5778
7023
5203
290
-3952
-5669
-6619
-3174
-2772
-5402
-2448
-4930
-4058
530
-643
676
2412
1314
1332
4502
3911
3997
6661
4750
558
-2
519
180
-1874
-4741
-2449
624
1132
-1725
-5876
-6175
-3698
-624
-2855
-8014
-7848
-2333
-136
-755
2021
2401
-2019
159
5213
5752
4484
2302
41
-3889
-4174
1653
3857
2070
2235
1143
2686
4028
3714
-333
-373
1531
-267
602
761
-2079
1011
2927
5632
7426
773
587
1232
63
721
-856
-1219
1158
-4845
-7582
-3736
-6545
-2741
-2420
-292
3484
3941
5138
2669
-278
-3379
-10532
-12710
-7363
-5428
-5395
-5621
-2318
-1018
459
2395
6271
6113
483
-2100
-2690
-2111
-1251
560
3545
1838
-1675
-1461
47
5288
4051
2283
2872
3219
1089
-1489
-1741
-4551
-6859
-4812
-6091
-4855
-2376
-2279
-1641
-483
235
-1579
500
2885
5659
5161
2083
2879
2885
8429
8292
7703
6940
4654
2495
-3225
-1860
-926
-2845
-318
1534
353
-933
1619
2299
7206
5429
-1911
-1745
-1825
-2253
-1361
381
1730
1625
455
490
4096
2406
-373
-1794
-3416
-1608
-713
1555
4846
4401
6055
9949
8810
5668
-1122
-6322
-7056
-7514
-10067
-7426
-6067
-3400
2414
2647
1803
4583
5930
6165
5724
2829
4264
7595
5467
-535
-1506
-2337
-542
-2917
-2424
-3363
-5506
-4251
25
-577
-5733
-5993
-7715
-7678
-5617
-3523
176
176
-2801
-2687
308
-1199
844
-1172
-916
-2636
-3738
-3214
979
1221
-2171
-1964
1982
4894
6174
4028
3489
1836
2799
3879
1405
-500
-2655
-4006
-7013
-9437
-11894
-8059
-2931
-722
405
1890
3912
4802
5594
5847
6825
6434
6021
8377
10195
7762
1439
3383
3430
-3726
-7426
-9711
-7858
-3878
-2716
-3159
-1886
-1646
6112
11031
11366
8185
5990
4209
832
1116
-3515
-4465
-5929
-10673
-11244
-8360
-6029
-9450
-6207
-345
1109
2337
1155
-861
-2436
-11
240
-486
3712
4206
4972
3216
1262
3545
8546
8632
7879
3628
-1916
256
2566
5518
5940
3488
-1618
-3732
-5871
-5656
-3191
-5455
-4726
-5871
-6287
-7532
-6577
-3349
-951
-1132
1811
4142
-398
-1758
-2424
-1413
-3163
-6527
-2261
2978
6938
5525
2193
3365
2896
4448
5407
4647
1666
1628
2135
2648
-866
-3453
-5350
-2830
-318
-2905
-6129
-8744
-6609
-1259
6063
8059
4527
386
980
1177
2982
4891
1881
2013
-23
-6564
-2953
503
5599
8095
2860
2160
1307
3276
4313
-832
-2822
-2649
-4335
-1272
-527
-2799
-476
3191
4721
3875
1006
3522
3605
2598
2265
16
-3025
-5183
-6030
-5532
-5510
-8114
-7322
-7930
-7242
-4641
1591
3664
-3239
-8716
-8606
-2664
4474
5095
3418
3926
1834
-408
4225
5512
3913
4624
6339
8258
7538
5644
2565
2537
3653
2610
5943
5987
2335
-449
-4644
-9077
-7400
-3204
-4568
-3249
-2411
-2778
220
2179
1259
-1127
951
6001
7583
7306
3688
1852
-1276
-2972
-1243
-1085
1834
4781
739
-353
752
-145
-1383
-7374
-6354
-615
803
3263
172
-5112
-4060
-619
943
-1199
-4365
-4654
-1836
-2303
-2676
2698
1278
399
40
-590
1284
780
3000
691
-1206
1161
3841
3216
1197
2249
3496
1267
234
-1783
-2749
-2588
-3042
-3480
-6227
-4383
-571
2230
1151
-110
1788
-681
-1658
-197
1965
6353
3912
2762
189
-4185
-4623
-3943
-3750
-3187
247
984
-1519
-5386
-9149
-6905
-7348
-2326
3070
1840
-115
-928
381
1325
664
-988
-469
330
14
3052
2580
987
4550
7019
6627
3801
-1130
-2230
-371
2787
2097
2803
-4
-2203
-90
357
1050
1241
5867
7684
4671
4501
1459
1434
1658
5567
9809
10946
4625
-490
-2046
-3515
-711
-1013
585
2644
4698
4621
1732
-1968
-4229
-4364
-5280
-4521
-6052
-7836
-6667
-5504
-7723
-12888
-14511
-12173
-6366
-457
2694
4198
7607
7897
6617
5054
858
-5147
-9596
-10376
-9583
-6733
-3693
-3238
163
2175
3826
6295
6369
3748
169
-1083
1124
5954
6676
7843
4874
-11
-4014
-3770
-756
4039
7039
4025
-319
-1684
-1305
-311
-1611
-387
-79
-2829
-4951
-7167
-4058
-2302
-4344
-2979
-2070
2886
10044
11194
10155
6182
3746
4693
4050
860
-4064
-7882
-9079
-6009
8
2355
3636
3387
3454
4496
1021
3690
5722
5643
6905
3367
2891
1204
-2489
-1552
3451
6196
8630
8591
3103
-242
-2372
-553
743
-183
-1718
-5996
-5595
-265
863
3079
2172
-67
-647
-136
-2039
-2015
-1255
-873
543
-1268
3229
5052
4260
1292
-2678
-5419
-1108
5618
4635
2555
855
4186
4553
4730
5947
2794
-1322
-6313
-6458
-6978
-7923
-5196
-4183
-1622
740
-1037
-495
-566
-193
1474
584
1615
3850
3459
1881
1778
698
672
-690
-3544
-3071
-3701
-7100
-9615
-10276
-6548
-3274
-5506
-4209
-2718
-1972
-1715
-1179
-2166
-3638
270
2706
302
1071
540
-1051
-1787
-3653
-3037
-616
-3967
-6733
-2342
-1395
-5510
-7004
-8883
-9635
-7660
-7223
-9100
-5859
-2172
3141
5724
2425
4002
5947
4058
1192
-237
-262
-1262
-3219
-4866
-2456
1582
2447
-2027
-877
2475
2911
4894
5131
854
-2805
-4412
-155
3487
2630
191
-3917
-7588
-8872
-5657
-2704
-769
-285
467
347
2185
6697
4124
-774
-3205
-3602
-1599
-3740
-9263
-9653
-2079
1395
3702
7144
2692
2320
6834
7199
10534
10356
4522
1654
-898
-528
1354
776
-1191
187
3494
6328
6825
1527
2570
5428
4720
3900
2298
-816
944
-2067
-9506
-10075
-10407
-7337
-5409
-3954
-3492
-514
1128
2662
3833
3933
4856
2140
-3502
-6910
-3672
-2376
-2411
135
1288
-42
-4247
-5405
-932
1137
2924
2259
2033
1506
-586
-1866
-4190
-2833
-1139
1293
2909
1448
1081
-1733
-2615
-2887
-2944
480
4928
5857
2722
3372
1836
3466
6310
4814
4546
418
-1629
-1684
1306
5146
2142
-3222
-9031
-11989
-11651
-11597
-10600
-8561
-7706
-7883
-10387
-11508
-11251
-9819
-4851
-1429
1351
1802
3903
9365
9908
9335
3402
3751
10035
11030
12082
9842
5948
4591
273
-65
1367
1157
974
6
1239
2088
1086
-1632
-4315
-5920
-7658
-7850
-5778
-5432
-5355
-2314
791
4114
2882
1513
3798
8172
9573
13026
13953
10306
8066
6312
3334
594
-4236
-3473
-2247
-4116
-4850
-3225
-2144
-1759
1799
4923
4680
6814
4248
3675
3166
259
-546
-2477
-4881
-5740
-7575
-8673
-5269
-1314
1162
5438
8810
10502
11013
8431
5321
2147
-1708
-4691
-3426
-6083
-6997
-6877
-6694
-1769
4529
4397
-409
-3379
-1496
1991
2311
4238
5372
4535
3070
3914
6220
11095
11218
5686
2400
-914
-2053
-2287
-2594
-3001
-2044
2705
3704
-419
-2345
-4039
-2963
-4282
-2797
-1440
340
3632
4589
1823
-1250
-2225
-4174
42
3196
-198
-666
-163
-1542
-2226
61
-471
-2542
-6283
-8734
-9525
-9921
-7611
-7706
-9690
-8358
-4509
1075
4178
3074
4237
4271
4345
5907
6130
6236
4844
4751
8383
7232
8075
8108
6951
7210
4733
965
-2037
-4309
-4336
-6666
-8455
-8293
-9800
-6417
136
633
-257
-1417
-475
2637
916
1233
1567
3079
5435
6204
5087
-222
-4143
-5664
-5626
-1399
1944
4376
6143
3427
1315
674
-534
-1762
-1636
-3671
-6375
-6710
-3048
-3610
-3565
1849
2206
-1167
-8620
-11104
-8022
-5403
-418
2369
2447
3168
507
1014
2001
355
846
-3229
-5978
-8513
-7114
38
3353
1356
-766
-3923
-5899
-4842
-2813
-1151
-1886
-1672
332
4388
10156
10914
9849
10088
10703
11607
15038
16947
11756
8024
1350
-3702
-3619
-5527
-7262
-3939
-3370
-3518
-284
1890
4837
7709
8348
7816
6476
5627
7270
9163
10076
5847
-1116
-1330
-463
-1977
-4661
-3492
1144
1876
2459
4607
4236
788
-3745
-6936
-6159
-6476
-5244
-8586
-12844
-10327
-9695
-9017
-5429
-1294
3441
6625
9066
13206
9840
5333
710
1247
-47
592
2055
2148
2091
3309
3421
4957
7471
5391
4421
4215
6339
4413
3572
5361
8372
7075
4375
4108
557
-1716
619
-678
-6137
-5291
-3659
-962
1571
1542
-2904
-6799
-7903
-8539
-3876
406
3546
8197
7412
3301
1487
3034
2552
2689
1842
978
1747
1553
611
-954
-2957
-6280
-7629
-6357
-5948
-5485
-2246
1022
6889
6067
1700
-3343
-5836
-4685
-3248
-1528
902
630
-658
-4675
-10752
-7059
-3470
-1488
-3630
-9588
-10409
-7490
-4263
-3929
-5210
-2759
2326
3977
4780
5786
4797
2075
-936
-1208
-1998
-1252
-2028
-1070
3519
8263
11126
10415
9668
9117
7669
4101
3981
4308
5723
5050
1351
-815
-4423
-6704
-4414
-651
-1631
-2713
-4030
-4705
-5057
-8205
-9448
-8760
-3813
434
-563
-3952
-4984
-1789
2000
3250
4131
3865
4185
2397
2259
4336
5766
4330
3026
175
-2343
-614
1270
3814
6900
8335
7467
6947
6604
7293
9397
6521
1520
2807
2953
1535
-1305
-4214
-4773
-4140
-5279
-4054
-721
-452
-655
386
105
-330
-2316
-3499
-683
1166
351
-3007
-4836
-4446
-4758
-6559
-7069
-5900
-178
2762
2029
4416
5023
7119
7849
5484
4684
5687
4839
1580
-2230
-4496
-4588
-3821
-2054
244
338
-362
-2813
-3355
-3397
-2499
-4131
-7126
-7310
-6931
-4010
-2266
-3983
-1577
51
1290
4836
4412
4221
4785
3803
2171
2922
4528
6536
7462
6191
2468
168
-228
-1877
-1469
-3896
-8560
-12527
-14569
-12982
-13693
-12145
-11815
-11162
-7168
-5503
-4132
-1245
-3404
-4772
-5935
-8773
-7464
-3593
-1361
-2344
-3579
-5258
-3731
-1957
882
2608
632
1661
1815
2618
1699
1167
1181
697
-512
-2366
-2167
-1367
-3958
-4901
-2897
-726
1516
6171
5931
5858
7049
9235
8077
2668
-60
711
1276
1555
-371
-1558
1850
2173
709
2213
908
2911
5685
6777
9423
6293
886
-4552
-8789
-9461
-7547
-6645
-4182
-335
1691
3365
2019
-2041
-3198
-5321
-6000
-2794
-666
1558
2239
-1024
-1678
-756
-2617
-756
-938
-4229
-630
-1413
-3530
-1866
-742
279
-2483
-3708
-2536
-1078
-25
511
2402
5700
6411
6368
6732
6373
6895
7727
5119
-2043
-7774
-8659
-5129
-3025
-3448
-4826
-6077
-5949
-2458
-383
589
1897
136
3159
4713
4590
5178
4786
3656
316
-3074
-4847
-2276
-1432
-4238
-3912
-2629
-1847
-1932
-2863
-3389
-2866
-5111
-9066
-9183
-7935
-6850
-2194
1
1575
3736
4523
5445
5591
6916
6754
5628
5741
2859
4448
3912
1843
-256
-1473
-5644
-8642
-6956
-3511
-3561
-4280
-1471
-24
3239
7743
8494
10104
9381
6207
4526
3111
440
-633
1899
2271
-306
-1821
301
796
2002
2833
4347
5274
2719
-146
-3303
-6420
-8744
-10113
-5272
-2427
-1624
-2233
-6572
-5169
-4023
-6916
-6555
-3596
-2363
-2999
-6384
-6395
-3862
-3621
-522
824
187
2377
1620
1643
953
728
1088
-890
3924
6330
5939
8553
7780
6931
6132
2832
4094
6602
6886
5500
1228
-949
-1830
-1566
-833
515
349
2169
1454
59
-2059
-4695
-2141
-1265
682
1450
786
-260
1778
2337
-557
-505
-1253
-2129
-1355
-820
-1330
-1798
-1212
198
273
-569
281
3250
6138
6406
3500
2249
3094
3209
-529
-1924
-4861
-3839
-556
-87
-493
-1036
-1029
1878
3273
3674
5227
3424
3394
2689
3963
5973
7727
5179
4360
3812
1685
-1409
-7567
-10691
-13027
-8810
-5403
-3168
-4728
-3771
-2678
-2127
-980
725
785
145
617
2247
2398
-925
-4222
-5693
-4734
-5894
-1331
753
1032
-2959
-8050
-4761
-2983
-768
-3088
-4811
-237
3145
3802
2061
-1247
-3992
-4641
-3371
-334
940
2610
6428
6884
6592
5335
2936
5330
7240
5045
1017
-3279
-7201
-7762
-6533
-5554
-1903
183
2911
6762
6650
7497
6827
5102
4146
3520
1773
61
1234
1944
1377
-189
-1033
-2138
-2592
-2072
-2041
-1949
-1848
-938
881
2751
3271
5119
4053
3539
3510
3034
2761
2090
397
1611
1292
65
-784
-490
362
576
-875
-2372
-632
-2643
-4198
-5053
-1316
2935
5484
4117
-240
-1509
-1910
-2301
-1826
-2011
-3234
-3122
-3504
-4982
-5159
-4195
-716
1998
1536
1339
3143
3652
4522
4994
5620
5982
5070
2307
-50
1661
2871
3832
2744
-2395
-4145
-4829
-5604
-2572
-825
-1673
-3810
-5243
-5585
-3647
675
2752
4889
8029
7433
4228
2105
-404
1122
1170
-629
-2205
-1894
950
2635
1583
1400
2803
3784
3489
1238
-1950
-1072
1687
-376
-2891
-4565
-3082
-1458
-1302
-3178
-3674
-2588
-1337
-267
-177
595
1920
954
203
-825
1642
2586
4250
3530
1256
-178
-741
-1035
-324
1106
-63
-2590
-4564
-5017
-1073
534
-881
757
3325
4238
3551
4063
2144
2534
2789
1591
1709
-647
-1032
-3163
-2706
872
2325
1026
-927
-180
-967
-3410
-4676
-3690
-1515
-2754
-5446
-4599
-5138
-5239
-7333
-7396
-4055
-4904
-3595
-2957
-2760
-1689
-419
1166
2077
3024
5473
6001
5148
6259
5439
3842
524
-990
1002
3000
1110
-923
-3891
-4176
-3818
-2505
-609
-958
-2138
-533
1894
3347
2397
1732
2310
3332
2352
1842
2897
5159
5527
4274
5179
5782
4870
3336
2247
1745
2039
1460
1706
2117
3348
5750
5240
3971
4500
1964
703
-1747
-5864
-4185
-3803
-3333
-1961
-1808
-1541
-2920
-2210
1203
2416
2685
977
-1546
-25
337
248
-592
-3012
-3792
-1564
-2152
-3040
-1162
1360
2288
3486
1238
599
1499
-635
-1943
-4059
-7035
-8652
-9847
-10231
-11974
-10594
-7326
-6469
-7288
-6854
-5663
-4959
-2138
-1191
-524
1527
1713
1367
2362
2097
4077
5506
8710
9951
11364
9154
6510
3796
339
-110
-1893
-688
-1051
-2636
-1172
26
1029
1499
964
-674
-1530
-321
931
1869
3266
2563
1946
3707
3401
3773
5142
5055
4814
6895
6700
5390
5158
3053
2488
240
-1967
-644
-595
-850
-2357
-2521
-969
-503
-1206
-506
1166
432
475
2282
2676
578
-3777
-4903
-3834
-2475
-1430
-1182
-1365
424
1244
-2929
-5823
-4968
-1723
-298
-1123
1038
1754
1505
848
-470
987
3394
3897
3640
3381
4250
4725
3466
954
-769
-875
-4038
-6611
-6762
-7192
-6004
-3575
-3895
-6863
-7285
-5812
-4302
-3949
-3177
-3754
-6779
-6470
-4929
-834
2079
-527
-2669
-2447
-2513
-1009
382
-1427
306
2245
-661
-4112
-4174
-2262
-1090
137
491
-228
478
1190
2731
1582
388
-1684
-3939
-7411
-10539
-12415
-11402
-8400
-6041
-3653
-3440
-2448
-1429
1887
7604
8263
9130
11376
13208
13492
10666
7806
5486
3974
1004
-1710
-4832
-4159
-1730
329
433
652
706
1894
2111
1747
1778
1466
91
328
1495
1031
529
1044
948
3341
4294
4332
5549
5378
6237
7252
4470
1079
-720
-449
-1701
-383
630
-1275
2646
3223
1539
865
-1652
-4047
-3287
-2386
1097
2958
1784
-2122
-4075
-2614
-881
1767
2943
3543
4930
6639
8548
5991
2413
-2387
-6109
-3353
-1387
-3420
-6677
-7012
-3851
-3086
-3240
-4198
-4197
-4404
-4589
-4042
-4787
-4715
-4585
-3215
-895
-111
2132
3731
3291
1638
-1997
-2006
1437
5302
7447
6463
6458
6226
5531
4545
3215
2965
2381
1603
1723
-1643
-3970
-1461
-230
-3044
-5709
-7694
-6591
-2949
-1938
-1362
-3987
-5750
-6289
-4009
-346
1525
3283
4794
4711
5290
7049
8895
8129
6751
6581
4089
1709
453
-487
2431
5483
4456
1149
-2133
-3290
-1618
-33
-687
-537
-2935
-6127
-5994
-4580
-3798
-2963
-2291
-2773
-3167
-6243
-5584
-4002
-4806
-4595
-5366
-4119
-3782
-3956
-1737
-1969
-2853
-3244
-3538
-709
1481
3594
5339
4712
4417
2683
-113
-3046
-3710
-3396
169
1096
93
-338
-2952
-4499
-4333
-3267
-2510
-1146
1308
4158
3914
3134
735
-1326
-1426
-2710
-1709
734
69
-1621
-3350
-3060
-2229
-2091
-119
3100
4738
5689
2533
-90
-1006
-2025
-286
-2206
-2476
391
2380
2119
976
357
2273
5872
4087
2383
2789
1334
3692
5292
-277
-3052
-3799
-5241
-5943
-4524
-5196
-7075
-5603
-5460
-3157
1149
-507
559
1099
-989
-156
1118
-2118
-3461
-845
1697
3801
3115
287
813
36
-2027
-4716
-4061
-7190
-8954
-4905
-4557
-1487
-1653
-4334
-3302
-1583
-117
2849
3087
1658
2893
3385
89
716
2223
933
2898
2942
-2059
-3308
-943
1712
7333
9828
9531
9015
5123
2666
4605
5923
5641
5507
7373
4646
3152
3132
-558
-2446
-1672
-1965
1745
2734
3142
2520
676
3922
4243
4251
5676
5346
7954
5731
1368
2156
580
-217
67
-3376
-6564
-7974
-7408
-5837
-6709
-3530
-2321
-5063
-6475
-4347
-5858
-3962
-1034
207
1487
1451
2114
-775
380
1501
-1569
-984
11
-1721
-3572
-6510
-5476
-4864
-5042
-3236
-3592
-1791
1909
3049
1299
-704
-511
3090
5196
5070
2823
852
198
-1371
-407
1995
3865
6730
2436
1239
4381
4751
3699
1156
-1894
-1953
1631
149
-524
-282
284
1118
1644
1342
-509
-1527
-2982
-3917
-4008
-3739
-1983
-50
244
-2756
-3003
693
2163
-1414
-5413
-3838
-1711
-3069
-5372
-834
4528
5334
2325
155
-2249
-844
-441
1260
3914
7129
6591
3722
3518
486
-87
-850
-1714
1807
1820
1105
-460
-4929
-5410
-2354
280
3086
4484
2818
1979
4455
3391
1551
1763
3330
6182
3402
1353
-1010
-4877
-4292
-5912
-2662
-2071
-2533
-1055
-786
125
-423
-668
-503
-1721
-2563
-3201
-4817
-4778
-5777
-4270
-2748
-717
-1552
-4356
-4344
-2923
-907
-3675
-5193
-3870
702
6752
9572
9374
8068
6275
5582
4852
3139
801
-1659
1453
-513
-2539
-1462
-1859
-1028
-3088
-3511
-2164
-2328
-4542
-6108
-4354
-2760
-2996
-584
1427
3122
3506
1746
2377
2052
1697
303
-2415
-2375
-2740
-2894
-2260
122
2339
2595
-2849
-6354
-6955
-5641
215
3641
3453
4875
6047
5840
3766
-318
-1665
2796
6413
5931
2060
2484
2963
2425
2403
803
609
2103
2587
822
-1484
-1114
-812
-2115
-494
2202
763
-2183
-2988
-1343
648
888
-475
-3495
-1713
4176
5816
2512
1754
4500
3094
1192
4643
6403
6558
4653
1266
686
236
-2259
-5223
-2816
-1017
567
1326
-415
-1932
-561
2753
4856
4618
3596
3096
1295
-2033
-2693
111
-3221
-3003
-885
-2891
-6102
-7290
-3843
-6060
-5750
-3420
-3290
-5022
-4791
-1807
714
-172
-2200
1834
2188
2330
2095
699
-2330
-3728
-5369
-4039
-2617
-5681
-2444
-2042
-4081
-2793
-3972
-3716
-3430
-1188
1105
30
746
-982
-3605
-3065
-1706
-423
-1726
-3031
-317
-894
-1028
-3163
-6121
-3011
-1311
441
390
138
997
-2857
-4452
-1720
-1462
-121
-1609
-1861
648
311
59
573
278
3505
7696
7022
5422
5113
7912
12821
12773
9238
9837
10303
11543
11952
9771
6431
2756
3508
6374
6787
7151
5996
3555
487
-2180
-3697
-4086
-3664
-2222
-2633
-1671
190
1782
465
-722
-725
-2925
-3177
254
-37
927
-3505
-6093
-6377
-5822
-4303
-4528
-4729
-4828
-2285
-532
221
-2412
-1808
-3762
-4537
-2240
-2564
-1955
-38
785
-634
-3438
-2853
44
2037
2711
1756
2085
115
-2286
-2432
-2484
-599
1577
5006
9217
9922
6618
4808
3384
3324
3155
1529
-704
-1415
-542
-796
-3130
-3192
-2047
-451
3462
2745
1040
-1231
-451
405
780
1385
1055
-737
-1188
-2485
-3615
-4288
-6062
-5299
-4044
-2249
-1226
-4758
-3829
-640
1020
2432
3188
4700
4323
1913
2230
3015
4410
4876
6222
5898
2472
-508
-1282
-3032
48
2818
-2134
-1840
-2301
-5106
-3809
-5159
-5972
-5103
-6840
-5903
-4378
-2694
568
1410
1628
2960
6156
8050
7844
6287
5326
5681
3806
3130
2133
1069
1086
207
445
912
-649
850
4643
6186
4334
2832
1995
-508
172
-1291
-2460
-3736
-6347
-7299
-4455
-1626
-4010
-8212
-7716
-1271
2182
5238
4071
1511
1085
-1309
53
3467
4742
3899
-1099
-5361
-3347
-801
-2606
-3029
-2715
-3298
-2185
1323
4664
6666
7571
7013
6961
6698
4619
3509
3220
4116
1412
818
3824
2602
278
-4143
-5702
-3672
-3447
-581
2591
2232
-1983
-2162
2554
3723
2834
2290
442
-1155
557
3017
2620
2213
4024
2054
119
923
849
1039
1363
2930
2221
697
559
1285
1567
830
596
-82
-2950
-6451
-4235
-5673
-4555
-5698
-6037
-5908
-7883
-8020
-8573
-6740
-3817
-2788
-3500
781
4120
3113
1032
1444
-486
1598
3355
2295
1743
-264
-2304
-4578
-7879
-7927
-5378
-2741
-3533
-4242
-2829
-3099
-836
254
988
1868
1211
1813
828
1909
3601
4052
5111
5707
3473
3499
5334
4537
1237
2791
1995
-913
-952
1022
1370
2550
-887
-2673
-1469
-1814
-539
1022
1331
789
2041
2724
3272
1666
3602
4096
4229
3001
987
40
265
1554
1488
-880
-3333
-501
4573
4404
3318
2521
2849
1321
1034
3002
-295
-1004
-1455
-644
-999
-449
1607
2589
2630
-88
-3264
-2682
1771
1936
-852
-2593
491
-788
-1653
-4365
-3213
442
405
-661
-4022
-4704
-5936
-1967
-43
991
409
-2446
-144
275
-1496
-2808
-3671
-1315
898
-2011
-5859
-3320
-1240
161
363
290
292
-4230
-3421
-3987
-2921
836
3258
6492
6857
4131
2154
-246
-1389
-1799
-5721
-10089
-10255
-11159
-10035
-9485
-7138
-4267
-1854
1319
4412
4208
5537
3933
3936
5266
3384
2079
3152
291
-2314
-3734
-5970
-1693
611
-2343
-3937
-5344
-1288
524
2092
4226
1871
3171
2538
-221
-1932
-6359
-3857
-2039
-5317
-3100
-3024
816
5600
5131
5497
7742
8337
5323
2372
2631
1218
410
-2942
-3014
2372
3276
3566
694
-1454
281
1470
543
-1283
-1739
-1786
-2471
-1937
172
-421
-996
-762
1623
2880
3651
6752
7133
6884
9764
9284
4929
4388
2610
1286
2116
-1204
458
-2676
-5292
-3336
-2301
-7526
-8188
-3591
-3143
-3290
-3700
-7018
-7170
-6828
-3549
-2140
23
1729
953
1950
1443
135
234
-338
-2610
-2766
-3179
-1748
-2760
-5176
-4518
-3274
-2109
-976
21
-1845
-1433
-651
-1166
-1083
1463
3982
3029
4175
2386
3250
5508
5275
6445
2889
1779
1061
982
398
-1765
-5103
-2905
-1758
-5363
-6446
-6860
-2392
3120
4109
2769
1600
1138
1332
1946
-839
-3043
-3886
-6839
-5211
-2441
-2577
85
-540
-1884
-1105
-859
-589
-3644
-3749
-5095
-1100
1096
-2972
-3424
-5443
-2848
-4595
-3106
-1904
-2242
-2154
-5231
-2862
-1757
-603
2239
4130
5364
2431
5496
6665
6394
2800
-155
4634
9014
7253
3840
634
313
650
506
-1938
-4515
-4964
-2832
-1436
-485
-1508
22
2178
358
391
-289
-1212
-881
1714
3318
4254
3484
2350
5026
4477
4467
4062
1101
246
2649
3736
7133
5741
1761
1205
-339
377
-1833
-5483
-3255
-1569
3
966
472
4629
3579
110
180
1268
-357
1045
260
-3572
-4141
-3952
-994
2277
2579
1894
1081
-461
310
-1356
-3509
-2016
-63
776
1401
913
3445
2527
-4817
-7311
-5871
-6272
-4893
-5330
-6154
-8877
-8760
-6760
-4217
-3612
-3675
-2135
-2996
-4010
-3673
-1248
1839
2466
959
636
-681
275
-690
-1060
-3860
-3071
1465
5052
6451
3434
867
945
3206
5131
4687
4736
4718
4062
986
-1101
546
-263
-2214
-343
1215
1122
-17
2302
979
-407
435
238
3828
3577
1684
3967
5067
7448
5419
2178
-1790
-1665
-3041
-1783
716
2428
7352
5415
2312
3636
3068
2100
2359
1703
-1014
-5739
-8213
-6708
-4255
-6873
-3941
-908
-1376
-3281
-1282
530
2119
-966
2422
6211
6658
1722
3565
6976
6270
5247
918
-4202
-4615
-6844
-8604
-7924
-8372
-9345
-3962
23
-407
-588
2444
6404
2986
1192
1360
-1464
-3656
-6494
-2819
-1176
-2819
-4678
-4696
-2117
-1627
-1293
-4359
-4795
-2605
-484
608
-1375
53
2370
2201
1874
-1168
36
-4297
-7724
-3987
-445
2501
5517
7660
7325
7775
5095
3007
5436
6773
5337
4006
3889
2245
301
-3609
-2201
141
-2336
-210
-546
-734
-1805
-3536
-4428
-5734
-6515
-1631
342
-1527
-2142
-1078
525
932
-741
-177
4661
4029
5254
5460
5648
7874
6368
3796
-460
-2852
239
2109
1218
1872
-24
-336
23
-734
-577
-2825
-1613
1092
1829
4837
4790
8148
7760
1016
-1335
-3932
-1779
236
58
-833
-3044
-8533
-7555
-2866
721
1533
139
-33
795
-241
-1768
-1418
-3179
-2217
-50
1057
64
-893
-2649
-1339
-1859
145
1351
-1254
1930
3821
5407
2639
2483
6753
9700
8098
4241
5269
4734
1317
-1010
-3619
-6337
-4968
-3466
-3262
-2895
-1509
-921
-1697
387
1626
2884
4910
1440
-327
-2838
-1967
-1479
-3853
-4741
-3004
-2210
-1722
186
170
-1573
-1768
-1721
-3095
-1452
-44
-4460
-1556
2117
-1547
-1216
183
-467
2112
-707
1276
1966
178
-3964
-4982
-3732
-2150
840
2651
1746
-488
-1893
-1130
2046
4755
-175
-1552
3305
-284
2413
6944
174
4580
6639
3452
1137
565
-2484
-3123
-2519
-3097
-2685
-1964
2389
3614
2101
2853
2314
4180
5531
5000
9
-261
-1711
-1949
949
1966
3974
-341
-2044
2629
7244
4713
2842
3707
4103
5864
5458
3719
2318
1531
1436
962
-365
-2291
-2642
-1466
871
2854
972
-576
-2576
-3724
-4741
-5738
-3162
1153
3652
4377
5346
6258
4629
2721
838
-69
2307
1630
1336
996
778
124
-2418
1191
-129
-1465
-3399
-1826
-3963
-1932
-1638
-6285
-6358
-5504
-4991
-3629
-4306
-1478
2434
1751
-269
-922
-1719
-1997
-1766
-2501
-174
-4411
-7213
-3483
-4773
-1541
-2891
-1313
-2177
-2718
2674
-2237
-3305
-4341
-4240
3957
8327
9401
10317
7682
-1331
-2447
1701
4188
4325
1250
-4242
-694
1051
-1738
-4250
-5605
-6080
-3184
-2708
-1402
-1667
-730
523
-907
1941
2221
-846
-214
2924
3248
2809
1583
-384
-2514
-650
1119
3258
3985
4995
5722
2692
-506
-1154
4104
2274
-3751
-1976
-1435
-4473
-3947
-4898
-5425
-3093
-2438
48
-271
2223
3805
3007
2025
5342
6645
5619
6536
5751
5215
3432
1465
1906
1208
4752
2196
804
2534
1080
130
508
-2271
-4161
-5252
-5413
-876
-1216
-2301
1805
-443
-1820
2307
351
-1666
-2638
-3690
-1919
-6265
-10798
-6341
-6308
-5854
-3355
-2658
268
-2626
-2160
-2684
-492
2471
4709
6437
3767
-1336
-3115
-5438
-8190
-9859
-8426
-5765
-1864
925
4197
2762
-2285
-215
-522
1380
5149
6713
6430
4140
2615
3602
2025
2594
838
-776
-374
-720
-2099
8
1331
2120
1392
-2041
-1153
-412
2031
3459
4110
4263
4009
3125
-473
1314
2526
278
2607
1646
2493
2541
933
1838
3611
2261
-960
-218
-1185
-527
-1212
-1475
-1470
1023
2587
1261
650
-281
-2314
-2409
-771
-1856
-1948
-1028
632
135
1251
3861
1558
3166
2074
663
3040
1450
-327
787
2821
381
498
3568
2307
102
-3578
-4739
-3349
-4244
-4861
-4252
-4142
-5741
-5925
-4400
-3498
-1241
-2048
-2811
-3232
-5789
-8432
-6318
-4879
-4564
-324
-289
-678
-1199
-3009
-2775
-1519
-1172
-1273
-2697
-3648
-2589
-1103
3720
1275
-1690
-36
2157
3641
2121
-2040
-3781
-3010
-1539
1590
1660
-755
2903
2751
1537
-206
1725
4515
5438
5043
2963
-1895
-1970
1003
-330
1501
4954
8259
8900
3802
2921
4719
6749
4153
1702
-982
-4057
-5567
-2028
-544
-2822
-4723
-5717
-2339
1245
3456
4221
995
-1231
-1697
-292
243
-4603
-3885
1674
5325
4963
3189
1472
-2261
-6217
-4768
-1483
1859
2371
-2666
-129
-691
-1476
-285
-1670
-3229
-3106
-2623
-722
734
-1817
-1070
-122
-1410
-1555
-2227
-4273
2458
4291
2007
3086
599
-1601
745
-1465
814
3392
1630
733
-1928
-2724
-1780
-53
-1204
-3700
-3968
-3182
-3470
-2329
-674
-2128
-6630
-7022
-7013
-3563
-1889
154
2355
-2955
-2352
429
4709
6338
3877
4371
4867
5578
7333
4900
5134
1226
-2732
-1028
333
1507
-1017
-1859
665
2315
1820
1875
966
1599
578
-1664
514
1124
1408
-228
-2071
-898
-911
2527
3406
1131
2247
2316
871
-3683
-7114
-7138
-1095
1796
1350
-334
-2335
-1466
-2218
-4682
-4076
-2470
-3645
-3574
-4641
-2991
-1682
373
1711
1454
1367
1268
2108
6697
8311
4994
4271
3062
786
115
-1910
-4387
-5127
-3740
990
1789
2388
-516
-2469
-2752
-2212
809
1403
1236
819
-324
-122
2658
3201
4214
4438
206
1199
2882
4722
4641
2780
2383
2497
3000
6023
4710
1753
2263
2978
4443
4212
-32
-1080
-2888
-4410
-4299
1629
2118
434
-482
-2983
-2009
-1698
-2496
-2305
-1562
-1394
1102
-1197
-2938
201
-1650
-3743
-4878
-5943
-5812
-3605
-1639
1546
2166
1125
-3
2484
2070
2120
3841
1348
-296
-3769
-5200
-2389
-1859
-1860
-1395
-723
1539
-1322
-5302
-4082
-1552
-3696
-5975
-3356
-1917
-3702
418
1956
1728
3519
-251
2936
6797
4930
5086
4075
4215
2954
-1006
-2609
-1509
576
2563
2009
1609
3217
-786
299
534
-753
-642
-1800
-1836
-938
5468
8186
6414
3429
-70
-1956
-924
-551
-1157
-112
-738
-1879
-494
2139
5812
5430
5428
4251
1663
174
-4062
-1219
1199
-144
290
2916
2014
2141
2069
-210
-1096
-2292
-2326
-3364
-3715
-3581
-3450
-2522
-450
-163
3509
3475
710
4276
4495
3562
1184
-949
-651
-2383
-6306
-3851
-3
-1377
903
1674
754
1555
1298
-3047
-4605
-3996
-1672
1778
1080
-643
-3407
-152
3823
795
-2401
-815
2079
2042
966
-59
-420
1384
3226
1463
-1783
2159
3465
1542
3914
2725
2393
1590
-1481
-2255
-955
-2923
-1257
-1327
-1163
2502
1607
1588
1916
-434
81
-837
-789
650
180
-365
-1981
-2204
-1223
-16
689
2180
-406
561
1899
567
1674
9
-4831
-5412
-2303
-2216
-3742
-3964
335
-1331
-2591
-2636
-897
2746
3842
54
-3362
-3792
-5537
-1868
1275
-1301
-680
4815
7221
7003
5267
110
-3313
-981
-147
1174
2793
1420
2478
2981
3026
1877
4
-1465
-1031
2665
3195
2767
168
-2183
-2969
-1348
1598
46
-501
-2250
-3708
-3135
-1533
575
-1859
-3856
-4689
-3810
-1337
-2032
-5111
-4763
-1999
-985
-206
-28
-1566
-3986
-2785
-1789
867
3454
3428
5376
5329
4816
5149
4198
5230
3471
4317
1918
1463
2492
1481
3930
1493
-453
-463
-1363
280
3057
818
-524
-1700
-4984
-5254
-6193
-4270
-1807
-3195
-1543
815
1172
1254
384
-177
2565
5628
6695
3733
2834
4742
4474
3563
3898
6070
4086
2685
42
-2871
-4518
-4717
-3891
-5496
-4650
-5062
-4195
-772
-465
1588
2541
2375
1310
-905
-928
1473
-1355
-3922
-6171
-3473
502
736
148
-1808
-3851
-3605
-3414
-4784
-4171
-2868
-4483
-7854
-7374
-6425
-4718
-301
3089
6214
7151
4789
2229
628
-3438
-2387
-2513
-2227
-2518
-2427
-725
-2692
-3476
-4463
-3515
-1637
-1268
-350
-4323
-4012
1313
2562
1929
-929
2584
3318
2359
1254
-125
-471
-2299
-2281
1049
-568
-26
-174
-550
2567
2193
3636
4753
3370
6077
5227
2349
3857
1850
961
-2115
-3583
328
-528
2384
2486
1852
5011
2204
1203
309
-4384
-2749
-2496
-1317
561
-1955
-1473
-1468
-5163
-2780
301
1800
-3559
-4462
-5375
-3418
2107
3841
4789
3149
3677
5300
4488
4027
1524
2016
2555
1603
2153
2582
1177
2143
1225
1860
5471
5148
3305
1774
1390
2178
3794
2309
2119
-1766
-2537
889
1534
-1851
-2094
-3363
-2185
1237
-1828
-3466
-4794
-5730
-3208
-903
-334
-1254
-3799
-2861
-1672
105
-876
-923
1151
1486
-267
-1439
-1652
-1181
2287
3891
1965
-506
-2933
-2625
2400
2801
2973
5643
4680
3576
1783
-159
-897
-2790
-4816
-4664
264
695
-2278
-4900
-6524
-3118
-3607
-4192
-3282
-2677
-1148
-2223
-1116
-667
-871
280
1766
2990
3034
2499
4114
3443
5388
5085
2445
1603
2059
-528
-1057
2423
2629
374
3357
3463
-2031
-1564
-1037
-2101
-595
-2190
-943
-1209
-2275
158
-548
-525
1531
-557
840
-1246
-3011
-1873
195
1317
776
80
107
-302
-3962
-5727
-1494
-541
589
3703
2847
1315
807
-1110
-1540
-607
-937
-645
-1963
-2592
-1397
-1033
-115
-4079
-4754
-2384
362
1672
721
917
847
87
1385
2617
3985
2627
2353
3252
1231
-1717
-907
264
915
-1048
6
4031
4362
7110
9872
6754
4463
430
559
902
4556
5790
4401
4734
5040
3391
2786
3654
2627
2859
2206
1216
4944
5820
6103
6470
5794
3613
469
-1498
-2615
-1755
-2510
-1996
-2200
-3088
-3636
-3798
-4789
-7015
-8627
-8378
-8343
-8423
-7183
-3922
-2841
-4745
-4860
-6329
-4438
-2914
-2957
-1496
-5440
-5141
-3766
-4049
-3746
-4803
-4208
-1266
-273
-3455
-3617
-5482
-4887
-5315
-5997
-3899
-3266
-2044
-1757
-1580
-147
1334
2335
5250
7872
7056
3274
3366
6497
5096
1365
1952
797
-1397
-869
314
-97
765
2270
2094
-894
-3273
-641
-1651
-1122
2653
4877
2639
1824
1098
542
-827
942
4399
2967
1273
1404
2241
4707
6536
5593
5740
3327
2768
4280
2687
3701
2351
-1285
-2460
-103
4208
3141
2598
2105
1201
-627
528
-584
-3711
-3209
-5820
-6080
-4585
-8434
-8681
-8390
-6345
-3915
-1700
-1755
-2234
322
693
-1041
-501
1734
3654
5573
3034
860
-1286
-2371
-4171
-4234
-1991
-1789
-1147
427
3967
938
-110
564
-1237
-923
-3056
508
1021
-99
1781
-784
-1025
347
-2299
-1270
1278
4643
3423
3317
2625
3785
4683
1010
1583
-1519
-3511
-678
-1053
-421
-1500
15
-1425
-163
837
1206
210
-1736
1010
1144
1918
-539
-1083
1164
267
2939
938
-934
2477
1371
2147
-4541
-3191
700
1673
6337
5064
3661
2997
1931
1491
2801
1377
-2377
-4833
-3465
-465
242
-722
-2953
-1435
-389
657
-3111
-5272
-4109
-623
1564
-716
-1718
-3787
-5872
-4423
-2900
-3223
-3326
-2138
-263
311
-850
-1925
-243
4023
7269
7277
5403
2357
414
1110
-259
-1222
117
-916
-14
992
1295
-1145
-2359
-868
-1776
-1639
-1858
-1514
1162
2683
1404
-304
-2010
-2940
-4645
-4287
-2711
1171
2189
2139
3422
3077
3025
914
929
-1937
719
-72
-1846
-2002
447
-2744
-2661
-2019
-1957
987
887
1802
2316
2981
3479
4067
2377
2035
1573
775
156
435
175
2727
2949
2641
1598
-581
-655
-857
-3099
-4155
-2375
-1838
-1061
-4368
-6822
-3550
-1931
906
1265
-1675
-1803
832
2528
1593
-948
-3370
-477
-1372
-5569
-2969
-2970
-3588
-970
-2942
-1980
-2583
-2894
-4594
-5364
-3268
-1485
-1255
-2397
-2089
-1607
-1074
938
3158
-260
1227
3290
3706
6063
883
-2227
-2435
-5493
-5430
-4023
-4900
-1192
-1018
-3711
-1511
650
1286
5013
6310
4561
7815
8330
9685
10545
8196
5432
2705
831
1612
1971
-419
-2443
-4842
-4174
-1367
1780
-3446
-5488
-3899
-2252
-1224
-2749
-496
1039
1171
4800
8266
4046
5862
3030
3770
7926
3546
3657
575
-1922
-1961
-2941
-1723
-892
296
1252
358
1774
1796
1748
5055
4646
3633
824
316
-2160
-835
1093
3828
4989
357
-655
-1550
-6226
-2153
679
-3816
-4429
-4806
-6554
-3358
-442
637
-1979
-3571
-1537
-2716
-1979
-1802
-3119
-1719
334
-969
-3631
-6668
-6174
-1423
213
-533
-2436
-6086
-1557
3533
4715
5233
2373
885
2525
2002
2973
2101
2452
280
1095
2439
104
1628
1405
-381
-1359
-499
-1190
-2711
-638
-2528
-2951
479
1902
-927
-2299
-4122
-4293
668
2655
3140
1443
631
186
1001
3598
3265
679
212
-1095
3266
6569
2953
1162
-1448
1082
2920
196
-572
-1015
-2141
-4941
-6848
-5258
-2394
99
574
663
1302
2486
5549
8810
2891
-729
-3474
-2562
-1949
-1874
1209
1777
2108
4125
8276
10836
6216
1191
343
-2489
-5203
-2491
2345
1271
3437
5728
1606
2338
470
-633
-17
508
-1426
-845
1239
-3132
1589
2495
2878
5598
1396
-148
1148
3050
3316
1118
-2141
-5204
-7822
-8234
-8005
-5111
-3385
-3458
-1798
111
3314
3445
332
1258
2735
4097
5365
1987
1479
4259
1516
1911
-3008
-5286
-2891
-3942
-3288
-1230
953
4106
4633
3653
2225
-1043
-760
-1663
-2533
-4238
-2876
2316
1313
254
385
-1832
3416
5021
1827
1497
2282
5257
3486
-1571
-1016
1884
1788
-337
-1911
-4452
-5908
-3430
-2739
-1754
-1068
-1137
-3533
-4751
-2040
-1299
-1933
730
1779
1065
1918
236
-222
-1343
-3775
-3382
-2241
-1153
-1840
2247
4794
6046
6248
1132
-5275
-4621
-1147
-63
78
-61
-873
-1393
-1598
80
21
-223
2183
-147
-2820
-1982
-3288
-1740
-222
-2931
-2290
-2012
-1022
3194
2920
4165
5363
4729
5061
4024
4169
5653
1940
1172
282
-451
-37
3231
2066
-573
-2053
-1688
49
2525
6368
5831
3426
-920
209
3166
-356
-1834
-1697
-436
-1879
-6401
-6500
-1012
-1856
-3209
-762
521
164
842
886
-699
352
814
1699
1572
2235
1825
209
-2081
-214
2284
1088
-52
-908
-2705
-2498
2276
3498
381
-687
762
1195
-683
1602
3677
3417
5458
6929
5078
4911
3773
3001
2823
-286
-952
1914
357
887
-1329
-3687
-4537
-4518
-4884
-6373
-4357
-2167
-3695
-4923
-6048
-6152
-2760
-1208
-807
-3098
-3418
-1332
-1987
207
-255
1393
-1271
-4463
-3228
-2260
-2413
195
1413
1294
388
-2029
-3417
-598
1563
1368
5043
4452
2562
3
-164
4327
7778
6821
2417
-3541
-3741
-4956
-4274
-3744
-4167
-3275
-4844
-7298
-5074
-2235
-1326
-934
-573
-969
-227
-1996
-329
-1231
-2404
-226
-320
157
3893
2574
3496
3114
4102
4847
7424
6357
2869
-1466
-97
3677
5518
5669
3526
1400
-1303
-3252
-3976
-7220
-4925
-3708
-2423
-3210
-4915
-7372
-10315
-7784
-5914
-8029
-5652
-1361
1667
2164
4060
5107
3228
2207
5103
6591
6750
6377
3765
5304
4370
1367
2501
3517
3541
2809
-148
640
1890
-973
-5160
-5163
2324
3291
2250
1216
-1950
917
5361
2954
-903
3361
-3089
-1496
464
415
39
678
4360
-604
-299
2049
2082
5213
5343
3332
2625
2496
3527
-1823
-1815
-241
-4554
-351
-856
-5929
-6159
-7111
-2921
-1705
-3774
-2995
-3132
-957
577
-678
-1749
-3369
552
-87
-2579
-766
1205
1988
347
1893
2650
2956
1345
-3983
-6130
-7027
-5809
-3833
-255
427
-380
-831
-784
2688
2997
381
-1121
-867
-778
182
1885
5584
7923
10021
7861
508
1248
-226
-947
1958
-3087
-3834
-897
-701
4330
3561
2374
2407
-1429
363
413
-3045
-3007
-3621
-5217
-5839
-5750
-118
4969
2371
911
269
-1079
-1095
-3779
-4184
336
3910
5557
1967
-3972
-3200
-2697
-2921
3287
3009
-1480
-1554
-1163
1486
2410
3172
3997
3358
2214
2409
4059
55
-1699
937
-2153
-4171
-1834
-3120
-169
2607
-1385
580
-557
-722
-1535
-3782
-3114
-1021
2887
-1946
623
2590
1854
2222
1186
2466
3059
984
-809
866
1949
4474
5053
2208
371
2352
4081
1636
1850
0
-4093
-3248
-293
-1549
1258
1432
522
1300
1868
818
-2875
-4169
-4186
-3326
-3804
-3607
-2249
-1972
-3146
-4706
278
2168
56
-3843
-4090
18
-458
-1007
-2270
-3309
-1135
438
1918
3485
2179
2524
706
-952
-2355
-2090
-3109
-775
-743
-490
-1596
-234
2275
412
-474
-4302
-5853
-1852
1826
2842
5642
6240
4041
4251
6033
3752
-2519
279
939
-1278
-2802
-1916
3564
1594
1665
5825
8280
6866
5396
10311
10621
8753
7802
7715
6863
4389
-84
-1506
-2466
-3330
-1747
-78
431
-1748
-4389
-320
-2897
-5718
-6114
-6025
-6534
-5622
-5015
-5033
-3391
-681
-955
-936
-2591
-4599
-4681
-2319
-4589
-1256
1214
-1496
135
-5311
-5360
-4893
-6890
-3328
-3537
-3559
1830
-1870
-1564
1586
-3302
-6196
-6141
-7425
-8089
-9043
-10890
-6895
-4147
-3452
-3396
-58
3442
1018
-2071
-4579
-3997
-2092
151
1643
6585
8020
9185
11468
6984
5809
4267
3740
4721
2893
3387
4576
1047
3444
2915
4912
5547
2543
3907
3078
2431
1786
473
179
3438
4796
2604
3790
-970
-3029
-2631
-2082
1300
939
-1916
-710
919
115
4203
5864
4077
2022
-1097
-2746
-1471
-1956
-2278
-596
-20
-1594
-789
-1589
-1671
1454
1863
125
3161
2564
2695
3590
1874
1754
-929
-945
454
-34
790
-2214
-2724
-1106
-2109
-797
99
-800
2221
4224
5015
7122
6016
3858
1280
347
-657
-2350
-2175
-6232
-5454
-4945
-4663
-5390
-5664
-3299
-2215
-3125
-1950
-1815
-2968
-7280
-7831
-4999
-4076
-3209
-6354
-5511
-3520
-2943
-1162
1812
2474
2313
2129
1828
3591
4095
2864
1916
2588
4325
3210
282
-1980
-512
113
887
925
-1753
-2785
-1597
1835
1539
-397
-1833
843
-700
5
4263
1787
4271
5687
6206
6003
5401
5292
6733
4005
2314
1477
-912
1293
1739
1953
-246
-3256
-1920
639
1004
357
157
-1870
-3531
-3377
-2283
272
2123
1367
2067
2294
2891
2368
2122
848
1575
2454
2556
-989
-2847
-915
180
-178
-1922
-783
-496
-2895
-1435
258
-3626
-5271
-1723
450
3754
4610
1022
1385
1635
950
504
443
398
756
-3058
-6653
-3078
-827
-5095
-4847
-1998
-3337
-3922
-7034
-7401
-2495
-1705
-4665
-2733
266
2259
1100
-2423
-1307
-2029
-2032
-716
366
3312
1613
-284
1135
2529
3961
2986
356
-324
2984
2606
185
2978
6355
5171
404
-2526
-803
1251
3914
2278
1319
-2214
-3742
-809
-283
1753
3474
1313
234
313
-1865
-2905
72
1418
491
-544
-1399
-959
4039
4050
856
5619
5152
1125
-22
-3281
-1805
426
-1089
-2564
-3231
-4200
-4904
-3149
-2139
552
1491
-1872
-1138
1443
211
-3453
-7123
-4695
48
53
1372
293
-1911
-1704
-4124
-4564
-2331
-3078
-5723
-2855
1359
1047
914
-1852
-3519
-3645
-3396
-719
2651
1839
2645
4124
5347
5044
5366
2947
-1339
-1159
1432
294
-2762
1272
-3733
-8013
-4721
-565
-173
2382
2937
660
598
734
-352
-2133
-4662
-1508
-1681
-906
1752
69
-3791
-5103
-3964
1592
5187
4432
4139
2807
-613
-2446
706
-564
-1256
-1109
921
666
-2400
-1922
3895
5116
6681
5852
1085
-456
2438
3807
4006
5845
2505
982
719
-332
48
1738
3030
764
2197
1381
-3029
-5084
-3232
-4240
-3906
-5568
-6614
-5494
-4500
-3035
-1025
-2392
-2757
1445
4267
2500
6302
5272
99
425
1469
3092
-1627
-2079
-3531
-6930
-7476
-5692
-3074
-1049
-1561
-1128
-119
-73
-1192
-2752
-4023
-8893
-4974
-1849
-1831
-4081
-4635
-6320
-8419
-5090
-5669
-5553
-2784
-604
117
3011
3512
5752
5145
4632
4015
2795
3250
2459
725
-2223
-120
3500
6676
5719
5000
5421
7071
2542
292
-1249
-3175
289
-771
-934
2810
2484
-1535
1498
2014
1183
986
717
3497
2407
1591
1091
-3066
-2121
-3412
-2150
-87
165
671
-3157
-5730
-3301
-1576
990
3601
1525
-74
-1988
-2457
-618
2137
2642
3476
2258
4204
6771
4033
3059
2132
2294
1018
774
-609
-2305
-1256
-378
1773
2206
1043
1038
113
-507
-2120
-1553
-93
2934
515
-4316
-5334
-4966
144
-1482
-5136
2263
3940
-1609
-3753
-5609
-6530
-3927
181
438
2137
3402
772
648
901
1461
139
-4490
-2883
-621
-1244
-1064
1879
741
1884
6293
3395
2474
4621
3729
-1078
-2280
-905
2169
2638
2800
2733
1240
-902
2104
3866
434
832
2267
1951
1833
1540
3714
6505
3904
3315
2762
-276
-1765
-5753
-6445
-5195
-5174
-2933
0
-2666
-2464
-4428
-2438
2636
2198
3672
2849
923
-2739
-4822
-985
-3547
-8230
-6055
1020
5117
5744
2700
-1348
-1951
-2316
-1948
-5014
-7505
-4522
-2381
-2285
-2093
-2678
-343
-626
-30
-2434
-3392
-2887
-3136
-868
-2942
-2537
843
1525
5984
3641
-2922
-3837
13
4909
3202
952
1763
476
1632
4641
4438
375
368
3406
5418
7612
5960
1883
-998
1077
3738
1760
193
1380
4708
3320
3725
4386
5334
874
2686
4470
1544
4287
8826
6475
2318
87
200
2244
-1448
-2269
-1977
-3645
-2611
633
1253
4355
626
-816
-2975
-5420
-5885
-9706
-10250
-8931
-7422
-9595
-3952
-1399
-1831
32
-1653
-2181
-4045
-5032
-2820
-3858
-4489
-73
1196
3674
4271
-274
1972
-288
763
2664
-2092
-456
2936
1576
2315
7752
10208
6532
1725
-740
1823
4342
2001
9
-2980
-4663
369
718
-2658
-2935
485
2779
2427
-996
-5797
-2514
3589
6365
6812
2225
1
3576
4125
2825
5136
2765
-2893
-2484
-1153
-4468
-5780
-5577
-2518
-2663
-3811
-3285
-4718
-3398
513
-1618
573
6595
4523
2441
2001
1522
2502
2959
1308
2128
2046
-1881
2160
3657
1549
6337
7494
-295
-3388
-2573
-1636
-735
-647
-2756
-5613
-3236
-3900
-7375
-3671
-1003
388
3870
223
-2749
20
-24
-4631
-4034
-652
-1615
-5425
-4610
-2022
-696
2590
2361
1207
2181
2907
3353
5375
5783
6684
986
1573
-190
-5226
-1431
-545
-488
-3512
-5816
-4546
-560
6
-932
-3130
-1422
416
1943
-1311
-3887
-1371
1815
725
-940
-2132
-1469
380
673
1217
2131
650
240
-3425
-4099
1651
4113
8179
5382
-49
-432
1467
1235
416
-362
-2934
-3384
1166
3629
627
-3026
-3725
-1859
-1010
2614
657
-434
1571
-1755
1637
2652
2004
1641
969
1447
-499
3807
5646
2037
-1198
-3858
-6450
-3619
1590
1923
2223
-1448
-2746
-1745
-2834
-4831
-2448
-3923
-4854
-1395
1291
3207
3102
-1753
-808
345
-1454
181
-1678
632
318
-3827
-5965
-6131
-5670
-4443
-3117
-3480
-3463
-1439
1673
1474
766
778
-1306
2533
4827
4109
4531
2317
1181
2021
1721
3264
-648
-884
-602
2091
7143
5915
2838
950
-90
-1626
-1500
828
1858
2008
2998
5289
2985
1327
417
-1272
-984
-373
656
2105
1576
654
2613
4964
5854
5330
3039
3014
2982
3944
5202
3168
2981
1325
-2139
-2015
-3070
-1558
-1952
-5659
-5987
-6728
-6103
1639
4250
3561
463
-1316
-348
-2896
-2062
-610
-2875
-1573
-840
-4412
-4807
-3100
-3334
-1580
-2119
202
-486
-2183
2866
3974
1095
1596
-4855
-6600
-1562
-2337
-4073
-4815
-4670
-4458
-1310
-5514
-4886
-1959
539
4400
-2014
-5983
-3730
-2144
-87
3706
-357
-4156
-4465
-872
3855
2819
799
164
764
-343
302
748
-390
-3163
-1750
2172
2889
3660
3572
3934
2741
2554
2648
-51
16
-707
-1540
-964
-1434
1941
4594
1630
1868
2487
4270
3513
3994
5883
2382
-1979
131
886
1178
95
1750
6101
8109
4165
200
-2077
-5739
-5327
-3463
-2438
1455
3460
2735
-228
669
934
-434
86
-535
-4
-218
-58
-3343
-4862
-1515
-176
-41
-2600
-793
-80
2600
7405
6267
3479
2132
1768
100
1281
-3717
-4116
-8882
-9248
-1951
-333
1004
1485
-264
-1174
838
484
-790
-2501
-1222
-2214
-2611
1229
-968
-1019
2564
4059
1770
203
2966
3115
2586
1977
380
2161
2274
1882
5704
2452
-3367
-2327
-1261
-5096
-6074
-1829
3040
-2099
-2334
-2800
-2283
1240
1481
216
553
-1944
-5683
-1547
2917
1837
248
-881
-1552
933
974
1487
1318
1303
-251
-202
-730
1818
-27
-1598
-51
1078
5251
3253
3273
3894
5067
3802
3201
1181
1386
-579
-3266
-1916
-1330
-818
3239
1651
280
-4699
-7189
-6607
-6679
-3785
255
426
-2605
-3904
-8569
-7195
-3280
-4483
-2566
873
2234
1661
99
1105
1984
-475
-1790
1623
7709
8547
3322
1052
-1695
-1958
269
1611
5477
4122
1560
-1710
-2817
-1861
521
2231
-2391
-2334
-2038
-2291
941
-938
-2220
182
633
-2372
-288
2242
6063
6356
-63
-2262
-2471
-1961
489
1690
1151
-1171
361
736
-216
982
2420
1062
3766
5763
456
-3404
-6411
-4248
-49
3277
4780
402
-4206
-3534
-147
-1264
-165
5209
4607
1762
438
1912
1711
3619
2942
2661
1565
-1754
-3504
-1448
79
50
15
1264
3977
4837
4222
-862
1667
-1099
-3990
-1608
-1298
-1884
-130
779
1928
-734
-4779
-3613
-2005
153
2155
-1800
-8895
-8553
-4365
-3425
-1216
2072
3799
7068
2578
3861
4917
1078
587
1342
362
-3306
-1523
-2128
69
5326
1521
-89
-252
-1831
-1493
-220
-467
-2595
-4443
-3225
-1115
1227
1038
-1385
-261
-2813
83
3832
6215
5225
3608
4805
4012
3341
554
644
558
3243
5561
3596
2102
-352
-602
-2841
-1788
167
2605
1562
63
-4538
-5990
-4310
-7341
-2020
-3344
-3945
-4275
-2748
1962
5757
5441
4067
3132
3394
4609
3945
3314
1599
2478
883
-309
2201
3658
3352
-876
-1752
82
2644
867
3463
3432
2411
1714
-1948
-496
1121
3847
904
-3684
-7064
-6466
-6675
-5727
-3206
-2863
-637
2525
2028
-1960
-4210
-4013
38
197
-1588
-4347
-4045
-487
1715
2243
1526
-1597
-6560
-7372
-5119
-2633
715
-1435
-5717
-7896
-5136
-2605
-2451
-4245
-3407
-1694
-1671
-1543
785
-272
4
-606
-1535
-3805
-8815
-8623
-7170
-3429
-273
4855
6736
1196
-1806
-3437
-3396
-5462
-4137
1192
-2389
-2436
-2218
165
-1860
-6324
-8238
-10364
-5893
-1298
531
-1031
-1197
738
1006
2733
3532
2563
-48
536
2332
4153
5980
7091
6961
3131
3119
4837
3155
5604
8650
6198
7921
7169
5619
5752
3307
4994
1694
2543
6654
5505
5131
6602
2179
2026
-1887
-3129
-2359
-3214
-4644
-4533
-3242
-2625
-2970
-2684
1392
309
4378
7925
5032
3508
-2902
-1312
1501
984
2614
-845
1445
4168
4657
4698
1567
-821
-4185
-2821
-2628
-6157
-4406
886
1500
886
862
2173
3013
2263
1349
92
-3007
-3340
-43
3671
-299
-2717
-634
610
2633
2985
-931
-236
383
151
-648
-1433
-4860
-3545
-2967
-2792
-2617
-2095
-373
-642
912
4727
7914
2529
928
1607
-1492
-647
1689
732
22
103
2236
-4422
-4747
-2101
-264
2001
181
-2685
-3347
-4671
-8185
-7085
-3684
-2674
-1704
-1542
-4037
-5271
-3808
-2633
1406
2770
689
627
-2401
-3300
-2448
-4311
-8145
-6511
-4751
736
949
-2275
1506
-584
-2790
300
-2370
-4253
628
-1708
-3512
-282
4557
1439
-3321
-5078
-4981
-440
1623
-973
-1903
398
3167
-340
-2931
-765
2020
6422
5721
4215
1659
735
683
158
1088
6264
6246
5064
7102
2181
372
3582
860
1499
3324
2677
2239
-1495
-2900
1624
2579
3766
9722
9271
5055
499
-754
2617
2237
-1258
-1307
639
1473
3083
3431
5272
4843
-253
-1523
-2693
-3695
-1023
1820
1797
-693
-2247
111
830
1819
-403
-4269
-7366
-3433
4579
4898
3705
3628
1854
2317
1636
-3886
-3130
3017
3922
3001
2636
2667
1797
1014
-2640
-5079
-3155
-4347
-4812
-4776
-4220
-4914
-5615
-6571
-6306
-6814
-3454
1526
-2335
-2724
-1331
-5029
-448
-869
-875
299
247
-3150
-3782
-2897
108
3646
2584
-1145
-2711
1480
6791
2150
-2049
361
2935
576
-722
164
-417
-1543
-221
1874
-3736
-5776
-6051
-6806
-6386
-4973
-1246
1030
1176
626
1716
3626
1960
3167
3955
2417
-203
1057
5756
7766
4955
-1433
-48
2038
1829
-1762
-2757
-942
2259
4073
5691
2986
1501
746
-1591
2555
-191
-4891
-7290
-11322
-9744
-3969
-470
-1400
-1664
287
4144
5571
6285
2356
-946
700
2745
1234
26
1605
-722
-2028
1534
24
1295
5392
3757
-1221
71
5343
4795
3058
-1097
-3010
-1641
-586
3312
3172
384
-965
-3567
-5703
-1976
-3659
-4138
2257
2860
4489
2956
2688
1514
2294
4080
5648
5410
1545
-526
435
2987
3023
-373
-2965
-42
3121
3738
3280
1579
-1023
-2626
-4909
-5792
-6626
-5951
-3310
-2080
1440
2543
1497
1933
1515
217
856
2418
3461
1755
-1936
-1671
1302
4236
5261
1293
-2804
-3829
647
1615
1238
2147
1141
36
1513
1951
2974
2643
3587
2232
180
1449
-1172
-2248
-1845
-641
-994
-2576
-3435
-1788
-3790
-2783
-5897
-4845
-1292
-605
-648
-398
-710
-3858
-1574
172
2750
2396
-59
1095
-823
-1659
-550
171
-2818
-5782
-3306
-1753
-2737
-1912
84
1045
-1319
1078
9392
12150
11138
11969
6001
5798
8302
1504
1691
2310
732
-2348
-3841
-2806
-988
1209
-427
-2842
-3469
-3289
-5080
-4067
-2049
-2324
-1223
-754
118
-1472
58
908
-929
-4300
-7821
-3327
5486
2392
1876
254
181
1132
-1899
-171
-2798
-422
-375
-1564
-2867
-3476
-4666
-5995
-6705
-6769
-4925
-2916
-5727
-4715
-400
1738
810
480
76
-1132
-1292
-3021
-652
2077
3355
3019
5384
4865
1839
432
1207
4272
3693
-2933
-3226
-1495
2515
2820
-3100
-1881
1322
4498
4559
3423
127
1497
3115
1338
410
-1621
-1285
617
94
1720
1525
2689
4416
4900
1433
-2456
-2191
-1637
-227
4887
6092
4168
591
-2487
458
1049
157
490
850
1119
2492
460
1143
2620
4573
7446
1504
-5606
-4697
-568
2223
-377
-853
1755
-2043
-6422
-5884
-4635
-2450
-4938
-10069
-10404
-8685
-7389
-3973
-3455
3194
6173
3540
3941
4080
6296
5023
1336
3105
4622
3954
1613
-4232
-5796
-7639
-7107
-3043
-3502
-2329
-4359
-7235
-4883
-6268
-5541
-3371
168
-966
450
4009
4289
5129
4444
2175
225
240
-1666
-3144
-2217
-50
-1581
-1132
-3468
-5624
-3253
-1073
1808
788
-4121
-1289
-1983
-6
3263
5838
6323
4419
109
-2034
-755
-462
2309
287
1763
3643
78
-8278
-9066
113
3694
6902
5559
4472
6187
1835
-951
-305
502
3692
4325
5506
5143
916
595
3093
4237
4946
2744
-1599
-2452
-4372
-3558
-3445
-2628
-785
-1755
-2350
347
671
-612
-3268
-3754
-2317
609
1422
4950
3122
-4349
-5447
-4100
-388
1777
1793
2592
2998
2406
1618
2281
2674
4528
6294
3050
2605
1417
855
2310
5335
6968
6559
6214
7398
6019
-1309
-6789
-8813
-8879
-6270
-2452
-3863
-5860
-6021
-5636
-3419
-2452
-1762
-3198
-1750
198
501
-1219
-2196
-4070
-5914
-551
2447
-2128
-4695
-5194
-3087
1015
-839
-3439
-1978
795
3048
413
1280
2294
4438
6144
3264
2290
160
2645
4474
3772
3291
1504
-626
1553
1170
1590
471
1914
1423
1944
1221
-447
771
1685
654
2579
3372
227
-3043
-5337
-5661
-3736
-4761
-7815
-4741
-3723
-4299
-2048
978
612
-2150
403
3691
2415
3443
1256
2598
3200
-1050
1159
-1333
-5459
-4249
-1236
1089
2547
-153
-917
1821
5010
5178
1377
1512
966
2440
2293
3272
3632
1607
1639
1140
17
-1620
-3932
-7052
-8605
-5531
-4718
-5341
-5477
-7389
-6210
-1945
985
2625
7943
7501
6845
8572
7486
7560
5414
3255
3374
1666
989
-13
-4279
-3884
-1331
-334
2924
3983
4275
5505
1535
1794
1203
1694
3360
2695
2630
-723
1524
1343
-1635
-1440
-1302
49
672
762
159
1274
-863
1905
4755
9221
6995
1349
566
-1608
-1602
737
-1457
-1528
-3595
-4021
-339
653
621
-413
-2910
237
964
33
-2589
-3487
-58
2018
4179
-1712
-2748
-2578
-2993
923
-283
-1575
1123
1147
1878
3332
899
-2141
-6691
-6692
-1931
766
587
-1281
-3303
-1157
2396
4356
2370
-1071
-1157
1108
2616
-765
1800
2336
-2547
275
1279
4455
5628
3026
1057
1069
427
-5533
-6094
-1069
306
1295
-817
-5627
-6610
-6970
-3239
102
-3006
-3065
-1197
-4407
-2278
1289
-151
1803
-1040
-1376
477
-2359
-411
850
-1501
-1967
-410
-2821
-6921
-7992
-7125
-7415
-4970
-344
7563
7928
2766
549
661
3493
5123
4994
3694
1983
284
1247
1667
4863
6513
604
-1041
-1583
-2259
-1237
-627
2209
3006
842
-2201
-2703
-3285
-3056
-2163
995
-176
-475
277
1713
3355
3727
2053
1367
3669
2880
-332
2063
1394
1607
1782
121
1545
1001
-3595
-6565
-5902
877
6500
6640
6733
4639
1919
-3536
-6600
-5527
-3278
-3566
-4251
-5574
-8135
-5710
-6434
-6021
-2869
-2654
-2817
-84
-924
-776
-898
60
3786
6129
5764
5102
5150
4340
4668
5285
4707
3730
80
-2793
-4118
-5868
-1976
2028
3020
6698
6350
-1954
-4707
-8356
-9326
-9277
-8680
-5422
-5092
-4592
-2840
-96
651
2052
3446
6805
6262
5291
3641
1078
2001
2266
855
-1248
-2620
-3002
-1286
-1829
622
2333
2821
4247
2994
1806
520
2616
5982
6910
5990
1267
-1432
26
3540
4365
681
-2990
-2826
-2199
-1131
-2541
-5535
-7592
-6704
-3846
-4233
-2228
-1051
-2205
-2731
-1358
-312
4024
5307
98
362
3799
6538
4818
546
-355
2294
3618
740
-605
941
-1104
-3744
-3439
-1975
-3105
-2718
713
2575
2778
4080
6318
4207
1636
-1768
-812
2824
4485
2935
2241
3630
3893
5336
4309
4717
3440
1501
670
-1956
1925
3679
1465
-443
-68
256
-2251
-4954
-2854
-2807
292
1293
-3407
-3009
-1532
1093
1096
1039
-1423
-2306
-1687
-3644
-3256
-2904
-3791
-2939
-2806
-3185
-2609
911
549
-4445
-4686
-7319
-5611
-3393
-752
1697
1687
1086
3887
2059
-127
150
1188
3195
1351
913
4248
5118
3230
-720
-886
622
911
1328
-3327
-9044
-5695
640
1053
440
621
-1008
-1731
1115
22
-3146
-3238
114
1442
4168
1554
-946
-1531
56
2734
3316
2789
2985
2472
1080
996
3373
2091
3059
3194
3042
4442
5594
2100
-2330
-2665
-2442
-2530
-296
-256
-2677
31
1527
3516
3731
2393
2869
2217
-91
-3136
-5483
-2548
-1590
-1592
-1228
-2349
475
3107
2068
1208
3235
5007
2014
984
-416
457
2443
1962
-961
-5524
-4421
85
4033
3680
1329
2319
1899
-312
-1689
-1818
-2538
519
2045
3348
4507
847
-1337
-3599
-3966
-3175
-6170
-9658
-7363
-5029
-1855
2677
1761
105
1706
642
-2874
1558
4759
-679
-4200
-3185
-1283
-380
-4803
-7779
-7597
-4683
-3425
-3417
-3803
-4327
-2359
-346
3410
4517
2693
-860
-1774
-218
-954
-380
-487
-2411
-2582
2426
2803
-571
-2015
1203
1037
2116
3137
4468
4635
1019
-918
-1117
-381
4074
5862
2010
-1874
-1230
-308
35
2499
-320
-3033
-2897
1685
1037
293
849
2882
2882
3908
5809
3807
-1813
-4203
-3393
-2793
-2685
-3639
-5250
-3043
-2609
-1707
-451
1532
358
1473
1490
2179
4103
2108
329
-2922
-3844
-4372
-1707
-3716
-2376
3756
5806
6736
5552
3263
2147
148
2056
3350
727
-2356
-5156
-6699
-6945
-5122
-2173
-3756
-1347
2436
-170
1547
2711
2135
4255
1082
524
669
929
2659
-503
-814
-1153
-4081
-5524
-5652
-5889
-2108
629
-1867
-1943
-639
1367
363
-899
877
-33
416
1275
208
849
2217
758
-3194
-1293
1477
295
901
4004
4081
3620
1481
-1117
-1176
1025
-583
-2630
-1775
-3030
-1004
19
-1619
-1683
772
2123
4839
5715
5621
3804
2051
2872
1749
172
579
668
-834
-1685
1762
2922
-1401
-3546
-2835
-1134
-3221
-3527
-5165
-5128
-3627
-5025
-3118
600
788
-3197
-4883
-6272
-1685
-377
-1742
1930
3836
2108
1280
-5
-919
1095
-445
-2291
-716
-2470
-3397
-1842
-564
-2179
-3629
-2727
-1735
3504
4715
4126
3392
-414
-1154
533
5376
6769
2600
-2271
-2650
-2038
707
-745
671
1238
-573
-3498
-4723
-2591
-433
1912
-14
-2472
-2056
-968
348
2499
577
87
1079
906
-297
-3156
-2755
-134
1986
4630
69
-3840
-2670
-1649
2997
6482
6078
2711
2642
-810
-1566
-1500
-168
2234
450
-175
723
-1329
-1078
462
-762
-2904
-3041
-1521
-767
-1087
84
2548
772
1631
5250
5189
3541
3612
6705
6475
6890
3433
920
788
1198
4411
3667
3720
3109
967
-582
-1218
898
-673
-6279
-4857
-2159
-1481
-4708
-1936
2830
3671
2225
83
1169
465
-1386
-4824
-6780
-5369
-4513
-3207
-4896
-7676
-7172
-6897
-8196
-8649
-4687
-280
-499
-1399
480
161
-2111
716
3081
3045
2970
1678
1374
2177
1918
3047
-206
-1083
-2181
-4763
-3366
-1852
-718
2129
1603
-1885
-3063
-838
3288
2163
-505
892
-726
-4231
-3774
-2649
-2683
-3694
-2586
323
261
-645
23
1427
1690
-608
214
2753
1539
3704
4583
4794
4467
2952
3297
3301
5526
6091
4176
5172
5817
4515
3208
-383
-2345
-2648
-995
1126
-48
920
-1272
-3884
-3154
-4057
-967
-98
-1320
1917
814
960
276
-1195
518
378
87
956
232
-817
710
-1030
-2957
-4188
-7716
-5814
-1499
-1156
-368
-312
-2563
-2451
-784
-1888
-1457
-177
1132
1597
3169
1097
-916
291
1650
459
-2393
-4359
-3330
-543
1703
3450
5468
4957
4696
4611
5034
6533
6569
6860
6052
5582
2890
178
-56
-3201
-2656
-2641
-2145
-2282
450
2471
3793
4908
4543
6448
6543
4433
1619
2059
-9
-309
-1951
-2540
-1302
-5046
-5969
-5204
-1240
-876
-1827
-3800
-4123
-2528
1730
4251
1777
-1803
2400
3006
2301
336
-2130
1791
2043
2048
2432
2625
412
-3175
-3384
-1487
608
2347
1025
167
-2
-570
-1895
-2920
-4225
-6949
-5744
-1512
1000
-1180
-3911
-2016
-132
1785
3353
943
-2757
-2346
-2089
-5500
-8526
-7333
-8383
-4601
-1957
-3859
-4409
-4877
-4182
-1381
885
3153
1854
-1331
-1811
746
2286
4126
3971
2006
3031
2579
3276
3711
1360
915
4388
4650
2991
1550
-233
-604
-1985
-1196
-609
2406
4033
970
-275
-614
1072
2958
4218
1287
-2270
-2960
-652
117
-315
474
-855
-964
-4171
-6224
-5466
-4974
-3112
-2112
-266
1453
1483
-1806
-2745
-809
238
1203
2227
3578
5380
3957
4907
4182
4470
3597
442
-214
674
342
973
1137
2669
608
-587
1693
2058
3098
3063
1244
-317
-830
-725
-2474
-2196
-4034
-5460
-6255
-5084
-3121
-3762
-6403
-5296
-1198
607
659
-223
-1571
-2174
-1380
-899
202
269
-69
1370
1620
383
-1222
-2763
-3057
-2097
-2773
-2635
1107
3283
3912
5358
5511
4267
3720
5445
5051
5360
5001
3117
20
-249
830
2119
1481
-2130
-4638
-4902
-5416
-6513
-5629
-4681
-6724
-7259
-6027
-6320
-4856
-1106
2383
3648
5755
8404
9257
8206
6342
3259
1448
488
-352
-823
-2012
-3720
-3102
-3572
-2375
-1343
-1621
-2052
-661
2350
5543
8989
8695
6214
4636
1920
-2273
-2050
95
400
1045
-8
91
128
678
2996
4476
5370
5428
3354
3790
2437
-470
-4414
-6133
-5329
-4540
-1825
-316
-1468
-3374
-4943
-5458
-4556
-2485
-463
1356
3156
2371
1135
1186
4479
6660
5595
447
1073
5638
5034
1798
377
28
385
2941
2434
420
-965
-1675
420
-1132
-1062
1223
1584
140
-4559
-3241
-1781
-1128
1610
1014
-528
-3766
-2919
-617
150
1292
1093
-208
-1140
-1650
-1688
-837
601
427
98
2899
5354
3916
1670
-2088
-3427
-602
2189
3340
3535
3019
1987
965
257
525
1737
3721
3040
3067
2332
425
761
-512
-145
679
1819
1826
2327
892
498
1302
-313
-1407
-2454
793
2024
-1102
-4106
-6959
-7242
-5473
-5414
-5360
-3123
-1902
-1373
94
-358
-2341
-483
-611
-1349
-770
233
2483
3917
5180
3661
828
3396
3528
1500
-173
1730
4137
1102
2490
2726
3155
-164
-1321
852
619
1280
2223
91
-2433
-1871
-2153
1661
6080
7462
6295
3047
3665
4456
2278
373
-976
-3706
-6137
-1891
-962
-3043
-4953
-6731
-3741
-476
148
-351
-207
427
1947
5153
3137
2845
2929
591
-1284
-2579
-1143
-1626
74
-927
-3575
-4340
-2360
491
1651
1470
1554
3665
6989
6822
4016
2782
1124
-1463
-4541
-6945
-4112
277
1432
1396
-27
-473
-257
284
779
-925
-1220
-1503
-625
-1431
-3066
-35
2109
2565
1568
624
679
279
-1423
-2126
-2666
-4038
-2059
-2013
-2062
-158
892
-189
-779
-510
-3747
-3016
-2070
-1026
4156
5850
3453
1489
-1463
-1979
-1560
-1781
-3074
-2630
-730
526
2147
2527
1989
801
938
344
528
-301
-1452
467
-1218
-821
-364
-244
671
3903
2453
-1671
-2865
-4544
-6003
-7425
-7364
-3634
-961
1871
1760
872
2576
2100
-1596
-2407
-3179
-320
1987
1128
-1023
-2993
-1872
-152
4445
6439
5261
5320
4660
1588
-1108
-2015
-325
1735
3255
2928
1374
-2166
-4496
-1441
1935
2305
2367
1070
-562
-773
157
1480
1573
-241
-2315
-769
792
2806
1375
-1781
-2530
-1474
-1120
-2178
-2957
-4875
-5798
-4396
-1761
-224
-1656
-14
-884
-1018
1200
1984
-147
-3542
-3713
-3516
-933
-2405
-6170
-8951
-11116
-6104
-1669
373
1615
519
1229
2376
886
-408
-3811
-5070
-1275
512
-127
-983
-1578
-2039
-1702
-3624
-2340
-1334
-868
-2444
-788
2951
6513
7685
4621
1901
-842
-1646
-3684
-2415
-569
988
1333
-2377
-6019
-5543
-1961
2655
3240
-221
-2884
-4037
-3646
-4753
-5131
-3042
-2777
-2489
1141
4317
4362
4848
4071
4692
4361
6768
7480
7317
6202
3365
4162
3236
1883
1195
627
2407
3887
6964
7114
6585
5929
4051
2262
2253
2996
1984
1643
3207
3271
3496
2975
1678
1365
986
243
-867
-1219
-1804
-5485
-5658
-5131
-2595
-2263
-3313
-3189
-3150
-3414
-1243
-422
-454
-574
272
149
-1573
-2553
-2734
-16
1300
2566
214
-2510
-2386
-2680
-796
1564
2719
3029
1575
2859
4140
3165
3982
4707
6426
7292
7790
7469
6362
2061
1083
1259
270
-248
-1345
248
3422
1026
-759
-1200
-1770
-549
-684
2632
3714
3009
2759
2995
1532
-286
-795
-2471
-738
-1867
-1484
308
1706
2163
611
-1680
-2061
-1139
-1414
-966
-1239
-1598
2961
4859
2157
-1112
-2824
-2144
1687
2847
1454
3749
6164
5968
4606
2667
1152
-1101
-1164
-1788
-2565
-3073
-4807
-5426
-3779
-2463
-2492
414
-1849
-2771
-3023
-3062
549
397
862
-1700
-3871
-1984
505
-20
-896
-1031
-3352
-5029
-3571
-4803
-6803
-8042
-7286
-4537
-3621
-1959
2870
1961
-814
-4269
-5095
-3386
-3528
-5445
-4947
-1648
2162
5239
5252
2146
-232
-462
-2841
-2278
-1840
-1774
-2215
-2055
-3838
-3717
-4012
-1671
18
-1470
1893
3991
2248
546
-355
-3173
-4242
-6125
-8462
-9400
-6949
-4293
-3570
-6212
-6868
-5369
-6431
-3123
-1999
-5212
-3369
872
2279
2001
-884
-3309
-3929
-4771
-6416
-7426
-7122
-5965
-4335
-2320
-1959
-930
-1146
-2158
-4228
-4788
-4251
-4388
-1442
131
599
-2432
-4146
-3051
-3987
-5076
-4248
-2625
-4468
-6532
-6470
-6036
-4863
-2716
-3285
-3639
-1637
-3636
-4743
-4317
-4893
-5544
-2497
-1389
-2771
-1935
-912
718
855
2396
880
-796
-1385
-2465
-1693
-1566
-1454
-2279
-3660
-2840
-1260
-1767
1312
3097
2573
-384
-475
1098
2532
3630
1144
-150
485
533
3543
3567
1951
554
-1648
-1259
-1366
-3666
-3388
-4232
-4223
-3600
-2092
-2048
-1141
-43
924
1801
1184
1490
-1967
-4963
-7407
-8227
-7765
-7544
-5498
-243
2985
-910
-4867
-7986
-8472
-7254
-4608
-684
2363
3919
3645
2240
1441
1353
-1731
-2024
-2995
-2768
-1569
-811
208
438
350
-225
-99
680
1219
5610
8568
7363
6731
5097
1409
-182
-2324
-3293
164
1332
1551
1528
-19
1215
4102
4784
4155
4684
5763
6201
4786
3211
4521
3393
5673
7294
6813
5627
5168
5642
6332
4496
2649
3106
4816
4420
2902
3011
1618
2557
797
-64
1512
3061
4329
5312
5212
2868
2887
4249
7892
9005
8790
10640
9877
9656
10070
9276
10838
7943
5095
4542
5689
8149
9343
8847
8759
7387
7290
8576
7325
7282
6974
5660
4519
3522
5564
5197
7260
8393
6196
6152
6981
8839
6804
5340
4156
4114
3787
1509
1195
2153
4412
8015
8743
4717
565
-1979
-3525
-4231
-4120
-3452
-378
3048
4788
4730
5607
7688
8815
6492
5256
5663
5581
2685
1819
2624
4348
4562
3705
2339
878
307
578
3245
4552
5622
6994
3423
818
435
1063
1810
965
265
3284
4460
534
-327
966
-2001
-1831
-451
-1014
-3091
-3606
-1872
-1897
-3569
-2622
-755
1184
210
-519
2550
1368
-207
-1238
-584
1315
1515
-646
-3522
-4915
-6208
-4898
-2260
-1681
-1280
-347
-1712
-958
-755
-2832
-2315
-1726
-310
5
-2039
-2141
-1767
900
2512
2515
2170
3873
4960
3914
3390
1236
-942
-2271
-1331
715
3078
1356
2130
3984
2793
777
-1027
-219
1346
1688
1858
859
911
645
-1121
274
2198
4150
1834
-337
302
1853
3527
2338
279
1616
-823
309
3134
3638
3161
1342
470
-378
1292
3625
4317
3228
862
1948
2525
1747
1029
502
2045
4384
4955
5171
6878
7369
6246
5032
3057
826
295
2066
1400
-3253
-3426
-3359
-93
2593
2414
2008
-2038
-648
-377
-1579
-796
1360
406
-637
-3494
-4005
-3141
-1008
-2680
-5280
-8496
-5898
-2846
-2622
229
1751
2842
4092
4773
3178
4688
5032
4478
1677
1242
2002
2575
1422
1233
924
94
-1455
-2774
-1325
-2198
-2774
-3789
-3772
-5335
-7222
-6809
-6805
-9523
-6764
-2177
1003
-1360
-2064
-1710
1799
1311
-5083
-6938
-4579
-1362
-435
530
1157
583
1199
823
971
-1577
-2010
-1282
-2438
-4200
-4856
-4708
-4672
-5578
-7833
-4544
-3124
-3290
-5283
-6983
-5510
-4321
-3681
-4746
-2457
-3472
-5367
-5701
-5313
-4359
-2847
-5603
-9079
-7937
-8653
-5950
-3863
-1189
-1350
-4087
-1746
1551
2881
760
-4714
-5204
-5027
-7051
-7432
-7067
-8063
-5250
-3640
-3110
-1989
-2365
-1293
-1544
-1150
-963
-805
-2610
-1744
2953
4532
4278
4223
3536
1472
-1563
-1652
-4119
-4557
-5028
-5106
-5777
-10181
-9259
-5120
-3543
-1814
-1377
-2691
-1835
-3568
-4797
-3928
-4103
-4438
-7360
-7215
-4175
-1654
-215
2079
4006
5305
3597
3070
143
-3148
-3267
-2427
199
1141
240
2341
3438
3376
5598
5400
5225
6440
6199
4988
848
-55
1277
1302
-151
-1073
-2080
-2930
-2713
-3724
-4793
-6459
-5384
-4368
-6311
-8438
-6616
-3941
-3408
-2733
64
1932
4125
3117
268
-2929
-548
-126
-1130
905
3210
4380
4162
4125
3967
-605
-1960
-2450
-2914
-2992
-4718
-4632
-1919
-2714
-2366
-4326
-6745
-4403
-2876
-2713
-1723
-1679
391
1828
3215
3538
3853
1845
249
1491
923
1624
211
-2176
-294
38
-2153
-1870
-4126
-2667
1478
2668
1446
448
-87
2661
2042
395
-528
-2384
-3167
-3751
-2632
-1273
1841
2679
1342
4007
4483
1378
1172
403
-162
1519
3402
4534
4960
5814
5670
5102
3309
4341
3585
2396
-119
-1090
-3265
-5323
-3353
242
3003
2617
2749
4530
5987
3747
4044
2348
2543
2679
2722
2163
-163
-1798
-3775
-1710
607
545
-703
571
972
534
-60
-710
1774
5197
2803
210
-528
-805
806
1722
100
-2613
-3728
-2315
422
912
2601
3294
2485
188
1292
3467
2265
610
1504
2748
3102
5302
4042
3514
-304
-3524
-5975
-8324
-6361
-4629
-5339
-4380
-4114
-2322
-927
-2182
-250
-1314
-2981
-2091
-658
-196
486
1015
424
343
-1267
-2061
-550
-2474
-4623
-4328
-2446
-2268
105
-88
-128
-1053
-260
3376
2584
2623
259
-602
1585
590
831
213
1155
1777
291
-2224
-5378
-5349
-2133
-3792
-3186
-39
-1770
-1768
3816
5846
3594
4082
2661
491
3045
4335
736
-2231
-2426
-299
-863
-3005
-5915
-7294
-3193
1991
1299
311
-228
4832
6093
4634
-2897
-12509
-8523
1717
5755
3849
-1621
-2671
1007
3367
622
-6735
-7542
-3955
-2494
-2357
-2065
-2204
-3394
-3842
-4700
-5650
-1435
-1148
-2282
-914
484
2077
600
-1149
-2594
-3436
-1926
-2435
-3482
-3836
-3403
-5935
-6646
-3053
-128
2821
2233
11
186
895
1105
32
-430
-2503
-2749
-1720
-1467
-2077
-3134
-50
3171
-2039
-7697
-8538
-2170
3055
3884
6597
7297
3766
2673
793
41
-3611
-5088
-848
1393
1952
-2204
-5064
-3215
-924
653
1832
1209
-783
-4026
-2990
-2298
-1222
875
293
-3477
-7177
-7705
-4333
-3243
-5689
-7612
-5242
-2087
-1527
-525
-787
423
1513
-51
-1204
-2363
-4146
-3544
-41
-1823
-3809
-2472
-1500
-1819
255
620
1748
2502
3270
4945
933
-1509
128
-465
-962
-543
-3663
-3650
-7249
-7588
-3579
-1754
-1321
1111
1839
2985
7070
4870
449
-1734
-4975
-3525
895
2133
3244
163
-594
-1004
-3781
-2024
-3361
-2652
-632
3495
4705
1749
-2723
-7454
-4568
-2299
-3284
2404
4054
4107
3775
-1235
-1578
26
415
-486
1578
5097
7017
5163
72
51
375
-2177
-4283
-2396
-787
-2596
-2215
-2858
-4335
-1498
2164
6147
7572
7076
4942
2937
1193
-1145
-2551
-2071
-2968
-1200
-1288
-814
255
-2590
-4355
-511
1542
-2046
-320
524
1416
-272
-3152
-2071
1942
-4118
-7538
-7270
-6323
-2320
-327
-780
-394
-541
-2755
-1037
502
2121
-1323
-5014
-5231
-4599
-2294
654
2933
2566
1465
-1960
-676
-219
1209
3478
4235
1932
-1347
232
212
-1317
-3227
-5758
-4857
-2524
-1255
633
1484
4815
5454
1023
-410
-283
115
1169
842
1409
4172
2973
190
1147
4580
4974
1925
2334
3516
3151
878
2188
5206
4378
2581
1504
5403
5769
2206
631
-3504
-4495
-5326
-4661
-3097
-1861
-2107
489
322
-1087
-1864
-3962
-4041
-5294
-6885
-4022
-268
1312
2270
3287
3229
5685
5435
3577
3910
3832
1318
-148
2325
2619
3711
3501
-57
-1197
-2524
-3101
673
3675
3654
4121
4288
3131
1693
26
-2386
-1109
2698
3595
1979
24
583
3405
4515
4384
7923
7213
2674
1960
-353
-806
871
1307
2880
3492
4510
8328
10356
9981
8585
8895
7650
6962
8893
7744
5471
7601
5010
3590
3711
4240
5001
1820
-477
51
1913
3767
5388
5077
3412
1789
-578
-223
-2104
-4129
-1294
3762
5270
4727
4170
4932
4816
3128
1945
621
-1349
-3929
-4680
-3101
80
2396
4693
3877
3754
2023
2546
4811
2096
1028
2806
4438
2317
-1062
-1531
2000
4549
3512
3993
9133
9638
7211
6188
4920
5471
8234
11039
11857
10070
8103
6943
7830
9353
8470
7845
7983
7216
5510
8526
10751
10717
8273
5755
3254
3330
1055
-422
519
4461
6025
4359
5586
5640
5442
3561
4567
10287
12278
8055
9253
11092
9848
10574
12228
11860
10152
10539
10682
6345
4619
8147
8015
1909
-2397
-2229
792
3467
1466
-1030
-5484
-7469
-2919
904
4624
3987
807
-1189
-2268
1125
2900
1558
536
427
1483
4372
4486
1995
666
-829
1552
2769
1912
2170
298
-211
3238
6643
6570
4483
3363
3367
2155
4480
4459
4280
3654
766
768
1733
-192
-2904
-4931
-6121
-4789
-3399
-2062
-200
-1155
-2716
-5240
-6424
-4223
-3530
-1526
-1476
1441
1761
-1607
-2004
-1309
997
2259
862
-306
758
2013
2378
2952
4742
5029
7463
2574
-1079
349
-684
-2775
-3728
-2885
-1951
236
-3217
-7255
-5957
-6491
-4332
-2801
-1379
-1649
-3200
-3227
-3768
-4357
-4949
-7579
-9892
-7966
-6235
-5072
-4183
-236
-1917
-3187
-376
1896
3144
205
65
566
2585
1580
-3405
-5754
-4296
-4995
-6403
-3198
-745
-1645
-2657
-2265
-2920
-7201
-12044
-16712
-19202
-16470
-14177
-12060
-9793
-7995
-9622
-11182
-10472
-11403
-10652
-11034
-7618
-5978
-4683
-1620
-71
1008
943
255
-3859
-6976
-8129
-7228
-6177
-4904
-4904
-7427
-10098
-11491
-8737
-5765
-1572
1484
3723
1922
1143
3029
-4526
-7812
-2738
-822
-5275
-3551
-1151
-7473
-9318
-3276
-3747
-8429
-6674
-3428
-420
-2067
-4882
-5637
-6319
-6283
-4760
-5957
-5500
-5104
-6591
-6746
-6551
-4114
-9728
-12290
-8564
-9414
-7046
-3261
-469
4118
939
-2399
-2511
-6799
-9484
-10644
-7148
-2204
-794
-3109
-2991
-2826
-3385
-3880
-2280
-617
2820
3247
884
-3668
-5424
-3535
-3061
-1117
3608
6352
3506
-541
-2543
732
3146
3230
1135
214
1885
1871
-1864
-2936
-4837
-5977
-404
1756
-1183
-264
-1045
-1448
-5
577
2925
3607
-856
-6230
-5133
-3027
-4565
-2160
462
1351
5372
5374
3793
727
-3433
-2901
-2378
-445
2883
3227
-326
-2301
-4811
-5352
-4015
-3
1698
2444
503
-2564
-4939
-2737
2564
2731
1791
-2211
-3274
-1001
730
2693
1144
-152
-216
-2372
-4749
-3763
-2467
-3795
-5283
-5471
-3374
-3081
-5417
-4299
-3033
-2646
1194
5037
6568
6130
7395
4915
2096
-1022
-3366
-4948
-5007
-4799
-4213
-1771
-692
-40
92
742
1893
84
-2814
-2599
-3463
-2279
-2334
1057
4378
7570
9049
4928
3020
3333
6635
9503
10131
7750
6204
6313
4805
6189
6601
5589
7526
3670
-1680
2380
5171
2353
-2167
-3021
598
979
-3022
-1917
2319
3529
422
4421
9050
6411
4701
3219
2073
5927
6469
2970
3622
3755
3550
6299
9644
5448
4401
5872
2002
3647
5345
2026
-1059
-2347
-3856
1359
7548
4958
1128
-2130
-694
4057
6160
8629
12623
7978
3748
2013
1031
2779
6225
6712
2589
792
-269
-60
3065
2069
-2087
-4427
-4797
-730
2521
6130
8498
7741
6665
4848
4572
2556
1813
1980
-432
-2682
-5138
-4041
-1491
443
-2865
-3671
-561
2044
2277
4626
4740
2220
-811
-255
528
-2377
-5535
-5519
-3140
658
4518
8411
9579
5580
1382
88
2661
3790
1599
260
-3242
-5826
-8413
-11430
-9316
-6400
-2193
4938
7681
9254
5680
4372
1921
322
643
359
-680
1
-1517
-2786
-2497
-3878
-3919
-2073
-1907
-1505
100
-197
1555
1715
2512
3053
3468
3555
2974
1693
1545
4795
7871
10626
9148
8423
9363
7286
2433
4243
4152
3358
2343
523
1993
3518
-197
-825
468
3076
9248
8000
4922
4894
3690
1161
142
653
1239
6109
6409
-578
-456
937
5200
6089
1924
-739
-1032
-1359
-235
921
2443
3368
4176
3157
2302
3718
3408
5726
8282
7986
3849
1983
3882
4700
4233
3373
4095
4711
4776
4105
2198
-444
-2718
-1261
1511
-1796
-2811
1181
4937
5932
3974
-1529
-1452
3060
3805
-421
-3398
-9541
-7783
-5299
-5932
-4064
-4357
-1334
-990
-2172
-607
-439
-3659
-9079
-7564
-6687
-5932
-6609
-5677
-599
5787
8285
3592
-1681
-7737
-6714
-2964
208
-2154
-4749
-8692
-6599
-8622
-6385
717
904
-2270
-5001
-5668
-5195
-3814
-4742
-4197
-2826
-3059
-3843
-3052
-4335
-7512
-8176
-5503
-2883
-1262
-3935
-9649
-12851
-10953
-10336
-8579
-9854
-6025
-2083
614
1429
126
-445
146
1048
1072
305
-5426
-5886
-4621
379
-1449
-3905
-3075
-4800
-2116
187
819
-2322
-6352
-7290
-4443
-3537
-3052
-1221
-3426
-5422
-2946
-2952
-3646
-68
390
406
1548
-1839
-1411
-1074
-3124
-5842
-5670
-2377
-431
572
-3263
-7384
-7486
-6420
-4820
-7346
-7638
-5154
-5726
-5677
-3298
-2165
641
1168
1176
1430
-1485
-1896
-1098
78
252
-124
-424
-580
1738
2829
899
1486
284
883
-19
-1921
-3735
-5474
-4004
-4476
-5893
-7420
-6823
-4779
-3575
-1423
-2795
-5130
-4685
-3668
-3829
-3076
347
3286
3940
3808
3354
1382
872
-51
-3119
-4504
-6425
-5685
-2869
-1131
-2419
-2547
-2434
-3679
-2938
-1093
1996
1322
-2685
-2151
-578
-1705
-4039
-4706
-4948
-3771
-1394
1291
493
-2526
-4326
-5849
-3470
741
1378
-939
-326
-434
417
1485
-1030
-1673
-1813
-2887
-3505
-2114
-2891
-3128
-2481
-1355
1669
3810
2590
-168
-1953
-5565
-6768
-7008
-8942
-10519
-8545
-3718
-1504
-3178
-3341
-2862
-1847
-2731
-3069
-3573
-3238
200
3462
4202
3926
-606
517
783
-1866
-2720
-5020
-5388
-3124
-2628
-4200
-3041
-3106
-4236
-5953
-5130
-2587
-3943
-5337
-2860
-1238
-2724
-7215
-5421
-226
-1102
-4194
-4781
-3852
-2085
-569
1385
2098
-1288
-4691
-4091
-2078
1182
256
-4824
-4850
-3481
-4519
-5001
-4775
-5345
-3308
-4506
-8296
-11301
-10888
-8878
-6875
-5628
-6516
-9491
-9969
-5702
-3797
-5140
-3380
842
2457
3406
-1445
-4117
-3974
-2569
-2923
-5883
-6806
-4831
-2485
-1451
1450
5562
5445
1570
-702
630
51
366
-606
-4074
-7947
-9659
-7386
-7626
-4785
-1570
-1363
-360
3164
3607
4847
4287
3630
4621
2886
1684
2711
2279
1042
60
-532
3299
4235
785
293
-53
-1436
2075
3396
3397
871
-1168
186
-926
-768
-1214
-103
3750
4828
5985
5907
3845
2357
1828
4291
4558
2309
2234
5500
7361
8772
8713
8344
7616
5494
6831
7264
6130
6069
5862
1369
1854
4794
6973
6647
3272
5808
10104
8474
5795
6686
6059
6628
11291
12780
9151
7263
8541
6631
5876
6214
8062
11157
9954
7837
7505
9587
10428
9904
10063
11324
12071
11921
11432
8482
4720
4206
6225
7159
7319
4246
4447
2517
1401
5600
10397
10142
10780
12580
11889
9015
6242
5798
6138
5317
7459
9175
7886
4632
5731
7940
9678
12150
14577
13985
8033
7741
5307
3832
17
963
4112
6752
6783
4234
1651
2004
3625
4116
4511
1652
1817
1342
1200
1595
1783
-1848
1055
3553
4228
1784
-1103
-3645
-1076
-14
3391
3762
1642
3849
2115
3836
5178
4458
4771
2951
376
5396
11033
8011
4685
3448
1978
4528
7568
5772
4223
2626
3219
4753
3717
3930
7467
7284
6551
3881
2444
2300
2035
3733
4419
5775
8816
8568
5713
3267
2951
5008
5807
3070
-673
-173
3074
3071
2204
3113
8047
10330
8925
6674
4725
5237
4562
4362
5479
6048
7102
8660
8202
8494
8657
7323
5560
6638
7562
8718
11240
7581
3200
1766
1963
1722
2998
8912
12307
11551
7324
5913
8226
3578
-154
2599
4386
4640
4689
3544
1739
-1742
-3094
-2639
-2576
-348
3006
2243
284
-533
-1069
-92
2463
3022
1886
2083
2247
2588
820
289
835
80
6062
6428
5274
2755
-261
-3718
808
-414
3291
8286
6132
5385
3524
2033
933
3017
1369
3623
6479
4990
2052
-1405
-1837
258
-3330
-6411
-5552
-2928
-1181
1524
7377
7615
2934
-2214
-7930
-10871
-9235
-7197
-7080
-4641
-2142
-3063
-9335
-9768
-4187
1905
-2995
-4112
-85
1412
-3373
-10953
-13032
-12326
-8852
-4802
-5815
-11507
-8984
-5627
-8090
-5384
-5503
-4138
-5196
-9045
-7675
-7129
-6683
-13497
-18324
-16613
-12940
-11226
-8233
-7187
-8649
-13617
-14311
-13690
-12298
-11561
-15034
-14246
-14613
-18301
-18087
-13183
-6965
-6131
-11360
-13893
-16556
-10762
-7478
-9923
-9680
-8160
-4649
-6218
-6507
-7348
-7555
-7712
-6887
-9527
-9208
-8397
-7439
-4676
-5983
-11628
-12590
-10099
-10342
-7884
-7322
-7883
-7587
-12381
-13241
-9183
-4371
-1243
-3506
-9384
-10381
-9816
-10565
-9161
-7818
-8176
-10802
-14531
-16525
-12176
-9033
-5370
-4014
-1580
2030
256
-4611
-6769
-14331
-12559
-6134
-5608
-5949
-10160
-10778
-8446
-5017
-6717
-10455
-9946
-5789
-5437
-3958
-268
1126
602
1967
-2086
-4805
-6554
-7488
-9837
-8463
-8200
-8519
-7022
-3645
-817
1948
5790
2117
-594
-3183
-12519
-18680
-14376
-6093
1783
7086
5428
-1015
-6569
-8382
-3688
604
-1150
-3848
-2913
-3128
-1086
688
1260
3698
-461
-2417
-2390
-5476
-8011
-8486
-2211
-1549
-1064
6308
10170
7708
4476
3680
1926
2132
-930
-3289
-3763
-3799
-840
6225
4094
1792
3769
3461
2667
288
-2570
759
4802
6548
9577
12203
6512
-408
-2339
-2636
465
2300
927
-1107
-1335
730
4144
8029
10896
9028
3313
-1221
-3730
-2918
-2952
-2814
425
2297
1200
1141
55
601
3092
1592
-382
221
3665
4770
6796
6417
1608
-3053
-3068
-4805
-5059
-2143
801
-6
-1294
796
3613
4638
4089
-145
619
3497
3333
6190
8375
6748
5093
5115
4358
5042
4463
2883
1209
-5621
-6622
-550
-1592
2737
7571
5965
748
-1290
-722
57
1459
2647
6005
7838
2593
-1449
3351
4453
6006
6662
3621
4599
4444
1932
858
1013
1493
4075
4354
2067
-556
132
1529
4321
7967
10390
9571
8936
7333
4541
1934
2020
4838
6784
8505
9832
9320
7414
6132
6252
5550
7093
4914
2946
5631
5266
7409
7279
3338
5150
3869
1463
2753
1960
-455
997
5163
8381
6901
5435
5788
7938
11196
7585
3673
2508
3361
3955
1929
1328
1736
4873
1927
676
1224
-1449
288
2379
1549
2965
4303
6042
4013
1042
2441
5144
5561
5009
2325
-348
3202
5405
4757
5113
1530
2863
3536
28
-3226
-1214
523
657
5767
7638
4209
4018
5943
2098
-1102
569
4165
6407
4209
-433
-2209
-4031
-4552
-825
-1080
-3990
-2295
-1901
-5155
-4057
-1627
1281
31
657
346
1951
5436
5597
4883
4379
1752
-410
-1740
-3812
-2075
-3153
-7159
-6825
-5953
-4375
-4255
-4885
-1947
-1233
-2324
-3853
-3758
-919
-2145
-2671
181
-1454
-4881
-6450
-7178
-7679
-7702
-5262
-4185
-3540
-1523
901
-113
-826
684
1188
2641
2373
652
-4130
-4446
-3617
-4656
-6683
-8272
-4905
-319
-2110
-6211
-6939
-5478
-6094
-6672
-5680
-3384
-4155
-2378
949
187
-1458
-988
880
3456
2848
196
-932
-3126
12
4696
2676
1020
-3555
-5278
-5321
-7308
-9638
-6796
-2801
-1941
758
3769
5712
4147
7780
10428
6906
4137
3158
4020
1422
-1824
-3309
-1746
-1246
-371
1843
1251
657
366
-2439
-4346
-5354
-4925
-2938
1563
1128
-1630
-585
-1245
-3821
-4247
-7152
-7129
-4038
-5155
-4606
-2337
2243
5394
2410
-2201
-6491
-5836
-2727
-1334
-1445
651
1978
2401
3885
6920
7989
5041
2007
2391
3693
186
-2892
-7286
-5401
-3774
-1702
2118
-441
-3708
-2436
-1749
-1948
1298
1613
-2275
336
3168
-3218
-2595
991
-5309
-5952
-5729
-1757
580
-3447
-1553
3854
3446
-1231
-1487
1973
3022
3071
3427
549
-988
4
-1333
1146
1989
2970
6166
6264
6388
5126
5694
3386
435
1044
2237
1381
585
-165
-1310
-1552
-2508
-2946
-1282
1708
4496
1415
644
-243
-3853
-3523
-3413
-7264
-8821
-7018
-2902
1092
3542
3707
-239
-2820
-5125
-5823
-2526
-1191
-1775
-3397
-2430
268
2073
-1334
-5128
-8047
-6455
-3029
467
3842
4932
5258
3217
896
-1342
232
2772
2701
4302
4050
3080
3682
4987
9293
7658
2831
3158
6213
7169
8613
10136
9780
9182
6915
1716
-1951
-264
3380
8626
9153
8932
8875
8708
5675
2365
1963
5158
4539
532
-2831
-4018
-2106
-254
3726
8566
10730
7232
6229
10638
11146
11284
12086
13130
9312
4900
2874
2637
3453
2660
-442
-1126
3419
7451
5771
6996
4678
1942
-1692
-1758
3102
5943
8115
8033
4269
173
240
82
2753
1251
3216
4386
4109
3936
5901
4399
1636
3496
2296
-567
-545
-773
-2230
-1285
1251
3905
5450
7411
3046
-2854
-3060
1115
5183
4966
4128
3364
5261
2846
29
688
1705
2458
3320
-2258
-5495
-5459
-6664
-4117
-1346
-434
-1739
-1875
-2547
-3448
-4147
-3049
-5479
-4245
-863
313
882
1905
1111
-395
1836
789
-3920
-3626
-6115
-7968
-6340
-5579
-4920
-5848
-5236
-4183
-3708
-4033
-6510
-8902
-8442
-8799
-7991
-5775
-4071
-1318
-110
-308
-2068
-3378
-5509
-7396
-6755
-2915
-4679
-5142
-5083
-5750
-6285
-6363
-2769
-1056
-760
3338
3271
-796
-7004
-8748
-9475
-10122
-5067
-4539
-13096
-13315
-11025
-6286
-6160
-6894
-6324
-6482
-6186
-3721
-3357
-2541
-2560
-9098
-10818
-6566
-4043
-5049
-6665
-5453
-5710
-5287
-3448
-1387
823
358
-6800
-12666
-11128
-9572
-8233
-3531
-1288
-740
-2232
-4603
-5611
-4133
-1430
-3937
-3784
-2354
-2530
-3890
-1193
1457
232
-1665
-6380
-9035
-7066
-10402
-9908
-8941
-6813
-1972
-25
-1766
-1220
-1023
-1541
-5667
-4335
1098
871
3711
2107
-1413
-2761
-5328
-7338
-7896
-3715
-5778
-4967
-263
3017
3819
3652
2162
2538
1174
-634
-876
-798
2797
1339
660
-97
457
2556
3071
-256
-4942
-6665
-7590
-8881
-6258
-3173
1458
4824
7461
6168
3786
2264
3813
5566
5909
6093
4495
3188
642
-601
-2562
-4458
-2029
-576
1089
3205
4273
1215
697
2036
2884
1330
774
1188
2019
1921
3290
4091
2654
446
3022
6411
3976
2560
1562
1862
4365
5350
2481
-306
-2050
-4480
-7277
-5411
-4748
-1017
-1878
-1773
210
2336
6918
6406
4212
6117
9582
13862
13158
9159
5070
4555
6793
9155
6315
4939
3056
1013
-993
-3320
-2982
-1158
-847
1524
5102
8187
6086
3931
4071
3625
-1090
-4013
-4724
-431
5759
4737
2797
2687
3334
548
-1838
-1982
-1453
-1728
2071
4277
2358
686
-1086
-4950
-4530
-2114
13
1395
975
1325
3059
1445
-802
-2051
-2165
1610
3345
8368
7166
3267
1695
-1478
-897
3542
3998
602
-3241
-3993
-1727
2287
2655
965
2670
3186
-242
1167
4175
6656
5476
4069
5385
3270
102
-2986
-1620
-857
-2177
-2961
-6389
-6516
-2587
-1049
-2421
-1918
-1303
-2302
-2600
-5062
-5736
-3857
-1717
-257
1906
3392
4304
2351
2819
3384
2250
2079
634
578
2084
3096
2534
1175
3650
6337
4385
3809
2426
-1120
-4312
-4263
1168
3679
3143
3182
2298
4657
7893
10267
8213
6109
5584
5333
-822
-2339
22
2190
3339
728
-2315
-2621
737
2094
921
2690
3567
3321
4654
4750
4768
8791
7812
6599
5772
6466
7026
7070
5269
5273
4938
3934
2015
3065
4167
3348
3906
1238
-3907
-2708
-2111
-3807
-4170
-4232
-4785
-3871
-2551
79
4383
7126
9965
8696
7145
7183
6214
3963
-767
1010
2533
4943
7886
8527
9854
11041
8792
6239
5294
5809
6690
3356
-783
-116
3111
3242
570
2292
2981
1363
3074
4453
6273
6252
6069
5471
5583
3319
1646
-1904
-3308
-2450
-1571
2587
2268
743
3329
4668
-1093
-958
-198
518
338
-2733
-4164
1066
6071
8112
9076
6730
5675
2807
2619
3699
3714
6320
1451
-1067
823
1254
36
3313
2806
573
-476
-1219
-819
-934
-2147
-1252
3238
5350
4143
1295
435
1490
850
-1919
-2803
-1400
973
0
-2922
-3350
-5595
-5754
-4637
-3259
-3024
122
376
5146
7295
6236
6770
3227
2648
1668
1347
2141
2091
-65
-994
-1066
2779
5241
3663
7163
6670
5550
4569
2338
946
-551
-758
-374
1819
4336
3387
1468
7
-686
-2068
299
3304
5094
5549
4810
5725
5900
4364
6089
8111
3292
-899
-4334
-5803
-4002
92
-983
-1016
1293
-359
-1844
-2935
-5080
-2634
-1225
226
2812
1226
-1472
-3377
-4920
-3203
-1624
2191
5158
4289
465
-4518
-5291
-4380
-2265
-4878
-7328
-6750
-6678
-6615
-4913
-3690
-3341
-2911
-4793
-4751
-4904
-9119
-11277
-11469
-10718
-6730
-4547
-6396
-7302
-7475
-10429
-13349
-15738
-13099
-11850
-11412
-11513
-10549
-12131
-11284
-8430
-6879
-4526
-5118
-6161
-6271
-4612
-3628
-4903
-5837
-8316
-10091
-7468
-5695
-5957
-8161
-8409
-8415
-9255
-9926
-10417
-8001
-10440
-13407
-13102
-10932
-10867
-10012
-9217
-7929
-3662
-2581
-2701
-3398
-3761
-380
1266
339
1371
492
-1833
-797
-2148
-1623
-4386
-8548
-6704
-3268
-3770
-6233
-8081
-7483
-5581
-6116
-5304
-8196
-8661
-6354
-5327
-4695
-8923
-6422
-3144
-5847
-6757
-5934
-8410
-9966
-11688
-6836
-5017
-5747
-6918
-8234
-7445
-5622
-3372
-3645
-2569
-1226
1170
-1085
-2568
-2873
-1491
-2480
-4795
-7448
-7686
-6372
-7817
-10497
-12731
-10252
-9634
-11605
-7287
-3445
-3948
-3531
-915
-991
-188
-345
-2821
-2206
-1688
-2927
-4623
-2884
1332
3488
3760
112
-2812
-1099
3509
4685
3124
-1426
-5229
-4431
-2943
499
301
-1282
-1827
-429
3698
5291
4230
1221
-823
210
3751
2690
-51
-1012
2169
4849
7500
7806
6073
5207
1258
-3083
-6883
-6647
-5827
-4032
-3775
-5491
-3297
-358
2058
2317
1620
2162
-65
-1957
-1383
-258
1249
1202
1752
3632
2861
1624
3049
2064
2740
2754
1211
991
3453
5209
6073
5534
2645
-1026
1433
3924
3709
4710
3594
1252
1850
1442
1155
-2721
-4899
-5804
-3259
1830
5536
7376
6234
4838
4668
6527
7756
6921
7861
8810
8854
4637
3871
2759
492
1097
2116
2090
381
83
-1720
-3375
-3969
-2199
459
1673
1265
-299
-364
3482
4007
482
-182
-1247
-1971
-813
-2862
-6452
-3500
-308
-1894
-4833
-6104
-5097
-1914
-1111
-2855
-1921
-2873
-531
2731
3515
4430
4999
6936
6920
2833
-46
-141
2686
5061
7234
6763
5177
6828
8450
7921
7791
7692
6297
8015
7080
5094
5923
8290
6473
3693
2245
968
-365
185
4599
7334
7777
9241
7958
5181
6723
7119
4791
1448
1660
2757
2523
703
132
719
2384
3911
3234
3469
3154
1732
1021
898
-1178
-5
922
1861
5240
5595
5835
4052
1322
-1892
-6628
-5561
-4869
-4549
-1363
-486
985
3655
5764
4571
4078
3888
5077
7347
9059
9593
9421
9729
9077
8554
9021
6351
5921
3926
-29
292
-274
-4465
-4917
-4009
-487
305
-433
137
1473
3275
3389
1067
1116
2661
3515
5193
5808
8818
11413
11532
9775
10091
8437
6229
1061
-1235
-1803
-3351
-3476
-1989
132
27
745
2513
2737
2288
3452
252
-674
-288
1026
1583
3650
7375
7037
8877
10051
8662
5164
2392
1353
2532
3337
5867
4878
3297
4530
1971
-1319
-3866
-6218
-5643
-4480
-4241
-1000
589
-244
-385
343
361
-517
937
2439
4175
7292
4241
2576
-316
-207
1077
1313
-890
442
175
-1287
1136
470
1327
-114
2621
3855
3431
7638
8176
5912
4814
4838
2495
-341
-73
165
3953
4083
-329
-558
2141
2306
596
426
593
1075
-206
540
3159
1366
-1566
-2288
-3850
1729
5907
8625
8065
4152
4253
5629
4876
3254
712
915
2617
-201
-2102
-2755
-4157
-1352
-466
-900
427
-1777
-162
-79
-4648
-2961
-6229
-5023
-3563
-3284
-1835
-665
888
4081
2609
1460
-864
-2529
2125
2680
2372
2144
1374
-1502
-1316
-1068
-1458
-1377
-437
563
-88
56
1006
4405
4390
2526
3182
2902
430
-178
-1805
-3972
-3085
-786
2192
3339
1887
-2005
-2405
-1107
-761
715
5350
4386
4019
2392
2434
2530
1923
2334
1980
2643
1181
-994
-1169
-2061
-5487
-5763
-8130
-7242
-2635
-1754
549
1282
-99
216
-2202
-4092
-3736
-6052
-8706
-9774
-10465
-7736
-6345
-6567
-5478
-4271
-3969
-5026
-5542
-1554
1272
2820
4197
3472
815
-2842
-5099
-3717
-3830
-3600
-4376
-1426
-2979
-4541
-2735
-2758
-5622
-5063
-2765
-2179
-1541
-1396
-421
-2671
-2804
-6180
-7800
-7399
-5487
-2255
-2776
-6096
-6333
-6167
-3920
-314
229
2423
2031
1502
-808
-3606
-4683
-3723
-2070
-3526
-3756
-3779
-7402
-8185
-5171
-1911
17
-2625
-3004
-3037
-4270
-4932
-4856
-5346
-2544
-1321
-1355
894
1437
-1003
-5805
-4204
-2676
-4074
-3528
-3739
-3431
-2831
-5452
-5011
-3514
-2025
-585
-3781
-4583
-2690
-1399
-17
-621
745
950
-2048
-2721
-4309
-2739
-4854
-3310
291
-2782
-1734
-2499
-3570
-5983
-4247
757
-2074
-5846
-6679
-6604
-5258
-5101
-5394
-5563
-3877
-545
569
3269
2558
131
-596
1057
1289
1803
1859
-2645
-7654
-8699
-4822
-548
-276
1384
-2724
-10001
-8936
-8411
-10309
-10796
-10427
-8314
-6282
-2216
315
-623
-1728
-959
170
-434
-2284
1518
1832
733
3062
3819
2146
7318
2928
28
8516
-1001
352
-3157
-8373
-6841
-3336
-4689
-2011
2831
5904
4529
3794
-2439
-6665
-7060
-9070
-6761
-69
-272
709
-2133
2756
1078
-1204
403
-653
358
2415
4700
3136
3691
7300
8437
4533
4545
3840
872
-252
-397
2564
3260
-151
-3158
-5138
-4544
-2601
929
631
422
-4641
-5907
-7690
-6833
-4686
-6386
-4705
-3111
1109
2544
4159
4417
2320
-2
342
-1709
-2229
-4640
-4757
-818
558
5068
4950
1872
1441
1525
-562
-3362
-2480
-2347
-906
1649
1052
2975
3531
3841
3114
3630
872
-675
-3345
-4552
-3496
-3669
-3345
-3166
-2380
325
3640
2547
1989
2536
3441
4032
1605
3248
9466
11275
11691
9762
4945
1629
-1691
-2154
-1003
1395
1592
1191
447
704
1418
2386
4381
2290
954
-672
-422
-752
-3220
-5400
-6902
-4196
-2825
-1976
-1957
-3884
-4017
-2551
-2139
-914
3743
4939
5283
4295
3282
4984
6827
5371
2740
1981
1598
5024
5825
9670
8766
4755
3106
3193
1196
1395
204
2090
3815
2906
1235
550
1575
327
-1427
-1445
-834
751
3225
4939
5524
3444
1495
-154
325
1890
1815
-1590
-1363
-481
-1346
-160
-1681
-3133
-3906
-1961
1774
4049
6597
8368
6356
2869
-1546
-3962
1604
3898
3114
4058
4327
3360
650
720
784
1771
2894
1704
2334
1750
-2600
-7724
-7130
-6495
-3968
-1654
-1728
-2664
-1428
3820
6885
6995
5396
5747
6243
1959
-1606
-3997
-4722
-3056
-3928
-3252
-1216
-1484
-1480
-2
1974
1650
1078
792
805
743
1524
1690
3341
3053
2673
2945
2974
4056
3187
2188
3587
4826
4119
933
950
1735
3330
-2831
-7222
-4912
-3472
-1677
307
1885
2234
6628
8971
6836
6112
6371
5365
874
-5447
-7787
-7474
-5015
-4257
-1989
-938
-1320
-1196
2304
5176
5511
4172
2227
2026
3396
3875
3940
3719
3847
2346
1793
3079
3628
1898
62
-3426
-5219
-2903
317
1629
2530
-833
-1801
-5342
-5804
-3811
-4457
-5702
-7663
-4526
303
-59
459
1104
289
2341
1292
2095
2791
-1516
-6741
-8332
-8798
-6037
-1374
-895
-1033
572
1107
3289
5864
3984
3743
3049
988
1448
1393
-238
-1537
1478
885
775
1689
3043
2986
1700
-676
-1562
-4
668
780
-1333
-2049
-1922
-587
-995
-760
542
3514
3002
2413
3000
5445
4006
4293
3084
1741
2934
5525
5658
2495
1215
-656
-1594
-1854
-23
1936
3682
5351
3273
-209
-3137
-2162
-1098
-369
-95
1230
430
-426
2251
2790
2029
2895
3377
4559
5657
7276
7231
5108
305
-4464
-5705
-4046
-1781
249
-141
-2697
-2544
-2581
-3161
-198
741
-579
-3028
-3976
-2118
-923
-5606
-5436
-4126
-3325
-1777
-1468
-2088
-3677
-4832
-5691
-1329
-54
3792
7739
5271
2333
-79
-2416
-796
1947
1909
2582
526
1474
2615
3564
4982
3690
5897
6346
5944
3831
1716
2158
-1169
-1578
-1876
-2275
888
482
1142
2559
4350
3650
40
-995
-588
131
1578
2535
3056
1094
345
855
3069
5053
6943
7169
7209
7519
8038
9484
7133
3093
950
33
856
-62
149
-1333
-3178
-5698
-7319
-4216
-1156
-559
-132
3808
3756
1998
-142
-3835
-2986
-999
583
2022
3755
3803
4979
4202
3366
3769
2553
601
-641
2236
2863
-1940
-4608
-5615
-2321
-1042
-3756
-3123
1622
2776
3053
5296
5572
4224
2320
1350
-4548
-5488
-4662
-4844
-2769
3111
1845
-4951
-5870
-498
3930
4165
4025
2193
2235
341
1367
1852
3635
6363
4854
1078
-681
-1142
-646
-1441
-2791
-3555
-2920
-2267
-5059
-6063
-3577
-3822
-4027
813
2165
3741
4950
4707
5486
7436
7720
9432
8827
3463
4218
6036
4024
3139
3355
891
-2726
-4697
-2798
495
5893
5149
463
-3028
-6893
-6630
-7625
-6024
-3413
-710
1662
2552
3227
2243
699
1918
1376
2753
5970
6727
5040
2910
-365
-4582
-4533
-1907
-1741
-2725
-2095
-5099
-7884
-5778
-2868
-2782
71
-2096
-3222
-2613
-4536
-6440
-5468
-2043
1945
3604
2483
1645
1088
2681
3462
3866
2683
-1184
-3752
-4894
-2081
-1077
-483
-2047
-1879
2977
3754
3295
988
358
-2037
-5154
-2711
-136
3395
1895
-2464
-5158
-1314
-1590
-5356
-4352
-3169
-1893
-1767
-2963
-2668
-965
-686
-1239
-662
-1852
-6413
-7495
-2838
758
336
1629
-2673
-5139
-4936
-5138
-4202
-1008
2623
2092
900
-3604
-4810
-6164
-7265
-7075
-4809
-1436
-1098
-2006
